ISA*00*1234      *00*1234      *ZZ*123456789      *ZZ*E1527          *040405*1723*U*00401*625900148*0*P*:~GS*HP*123456789*987654321*20040405*1716*1*X*004010X091A1~ST*835*2XJGMD5S0~BPR*I*4403.92*C*ACH*CCP*01*082000073*DA*004162598647*1710226428*MP0100000*01*084107628*DA*0304751*20040407~TRN*1*09002600*1710226428*MP01~REF*F2*MEDIPAK~DTM*405*20040402~N1*PR*ARKANSAS BLUE CROSS AND BLUE SHIELD~N3*P.O. BOX 2181~N4*LITTLE ROCK*AR*722032181~N1*PE*CLOPTON CLINIC*FI*710479294~N3*300 CARSON~N4*JONESBORO*AR*72401~REF*PQ*56709~LX*1~CLP*141229C0304EM*2*617.47*65.79**15*04077222740~CAS*OA*23*263.17~CAS*OA*96*288.51~NM1*QC*1*ADAMS*ARCHIE****MI*P57331~NM1*IL*1*ADAMS*ARCHIE****HN*432606008A~DTM*050*20040401~DTM*232*20040302~DTM*233*20040302~CLP*141229C0304EN*2*617.47*65.79**15*04077222750~CAS*OA*23*263.17~CAS*OA*96*288.51~NM1*QC*1*ADAMS*ARCHIE****MI*P57331~NM1*IL*1*ADAMS*ARCHIE****HN*432606008A~DTM*050*20040401~DTM*232*20040303~DTM*233*20040303~CLP*141229C0303BE*2*979*134.74**15*04078213850~CAS*OA*23*539.01~CAS*OA*96*305.25~NM1*QC*1*ADAMS*ARCHIE****MI*P57331~NM1*IL*1*ADAMS*ARCHIE****HN*432606008A~DTM*050*20040401~DTM*232*20040203~DTM*233*20040223~CLP*98383C03039J*2*152*9.55**15*04078213750~CAS*OA*23*61.91~CAS*OA*96*80.54~NM1*QC*1*ADCOX*ILA*R***MI*F36303~NM1*IL*1*ADCOX*ILA*R***HN*432262763D~DTM*050*20040401~DTM*232*20040303~DTM*233*20040303~CLP*157126C0307SD*2*64*47.73**15*04090270420~CAS*OA*96*16.27~NM1*QC*1*ALEXANDER*JAMES*R***MI*W10851~NM1*IL*1*ALEXANDER*JAMES*R***HN*430202913A~DTM*050*20040402~DTM*232*20040319~DTM*233*20040319~CLP*143820C03036B*2*129*21.55**15*04078180130~CAS*OA*23*46.95~CAS*OA*96*60.5~NM1*QC*1*ALEXANDER*SHYRLENE****MI*C81197~NM1*IL*1*ALEXANDER*SHYRLENE****HN*432487092A~DTM*050*20040401~DTM*232*20040309~DTM*233*20040309~CLP*140044C0303BD*2*305*23.07**15*04078213330~CAS*OA*23*107.09~CAS*OA*96*174.84~NM1*QC*1*ANDERSON*LORENE*V***MI*417623~NM1*IL*1*ANDERSON*LORENE*V***HN*431420977A~DTM*050*20040401~DTM*232*20040305~DTM*233*20040305~CLP*162028C03036U*2*136*11.65**15*04078179930~CAS*OA*23*64.78~CAS*OA*96*59.57~NM1*QC*1*ASHLEY*IRA*G***MI*261550~NM1*IL*1*ASHLEY*IRA*G***HN*431625460A~DTM*050*20040401~DTM*232*20040304~DTM*233*20040304~CLP*162031C03036V*2*129*47.73**15*04078179870~CAS*OA*23*20.77~CAS*OA*96*60.5~NM1*QC*1*ASHLEY*SHIRLEY****MI*L04876~NM1*IL*1*ASHLEY*SHIRLEY****HN*431586287A~DTM*050*20040401~DTM*232*20040304~DTM*233*20040304~CLP*846662C03037O*2*1190*153.44**15*04078179580~CAS*OA*23*613.82~CAS*OA*96*422.74~NM1*QC*1*ATKINSON*DORIS*J***MI*Y75851~NM1*IL*1*ATKINSON*DORIS*J***HN*430503206B~DTM*050*20040401~DTM*232*20040216~DTM*233*20040303~CLP*160129C0303WI*2*5617.95*737.56**15*04077214030~CAS*OA*23*2950.2~CAS*OA*96*1930.19~NM1*QC*1*BARNETT*FREDDIE*G***MI*B99498~NM1*IL*1*BARNETT*FREDDIE*G***HN*372227274A~DTM*050*20040402~DTM*232*20040303~DTM*233*20040303~CLP*871075C030388*2*64*9.55**15*04078212910~CAS*OA*23*38.18~CAS*OA*96*16.27~NM1*QC*1*BARROWS*ESKER****MI*L19345~NM1*IL*1*BARROWS*ESKER****HN*429225958A~DTM*050*20040401~DTM*232*20040301~DTM*233*20040301~CLP*842046C03037E*2*77*9.55**15*04078180470~CAS*OA*23*41.45~CAS*OA*96*26~NM1*QC*1*BENNETT*GRACE*E***MI*Y59721~NM1*IL*1*BENNETT*GRACE*E***HN*488265138D8~DTM*050*20040401~DTM*232*20040301~DTM*233*20040301~CLP*102388C03039U*2*64*9.55**15*04078212990~CAS*OA*23*38.18~CAS*OA*96*16.27~NM1*QC*1*BLANKENSHIP*FLORENE****MI*Y47160~NM1*IL*1*BLANKENSHIP*FLORENE****HN*429388415A~DTM*050*20040401~DTM*232*20040227~DTM*233*20040227~CLP*872556C03038B*2*45*6.83**15*04078213260~CAS*OA*23*27.34~CAS*OA*96*10.83~NM1*QC*1*BRANSCUM*JAMES****MI*C07793~NM1*IL*1*BRANSCUM*JAMES****HN*430502643A~DTM*050*20040401~DTM*232*20040305~DTM*233*20040305~CLP*102622C03039V*2*180*23.49**15*04078213180~CAS*OA*23*93.97~CAS*OA*96*62.54~NM1*QC*1*BROWN*ESSIE*L***MI*F92723~NM1*IL*1*BROWN*ESSIE*L***HN*430264125D~DTM*050*20040401~DTM*232*20040216~DTM*233*20040217~CLP*102622C03039W*2*154*9.55**15*04078213190~CAS*OA*23*63.87~CAS*OA*96*80.58~NM1*QC*1*BROWN*ESSIE*L***MI*F92723~NM1*IL*1*BROWN*ESSIE*L***HN*430264125D~DTM*050*20040401~DTM*232*20040301~DTM*233*20040301~CLP*127104C030360*2*234*9.55**15*04078179560~CAS*OA*23*77.87~CAS*OA*96*146.58~NM1*QC*1*BUNN*B*D***MI*V50692~NM1*IL*1*BUNN*B*D***HN*430502372A~DTM*050*20040401~DTM*232*20040305~DTM*233*20040305~CLP*851635C03037U*2*221*15**15*04078213220~CAS*OA*23*79.18~CAS*OA*96*126.82~NM1*QC*1*BURKE*BESSIE*M***MI*P26124~NM1*IL*1*BURKE*BESSIE*M***HN*430464706A~DTM*050*20040401~DTM*232*20040302~DTM*233*20040305~CLP*138243C030367*2*560*71.98**15*04078179480~CAS*OA*23*287.99~CAS*OA*96*200.03~NM1*QC*1*CABE*ALVA*O***MI*A24538~NM1*IL*1*CABE*ALVA*O***HN*430103449A~DTM*050*20040401~DTM*232*20040301~DTM*233*20040307~CLP*878377C030349*2*64*9.55**15*04078180120~CAS*OA*23*38.18~CAS*OA*96*16.27~NM1*QC*1*CAMPBELL*COLLEEN****MI*C21283~NM1*IL*1*CAMPBELL*COLLEEN****HN*432481965A~DTM*050*20040401~DTM*232*20040309~DTM*233*20040309~CLP*108859C0303A5*2*45*6.83**15*04078213830~CAS*OA*23*27.34~CAS*OA*96*10.83~NM1*QC*1*CAMPBELL*JOE****MI*V11541~NM1*IL*1*CAMPBELL*JOE****HN*432522415A~DTM*050*20040401~DTM*232*20040309~DTM*233*20040309~CLP*137372C030366*2*115*14.13**15*04078180240~CAS*OA*23*56.51~CAS*OA*96*44.36~NM1*QC*1*CLARDY*EVA*M***MI*V75417~NM1*IL*1*CLARDY*EVA*M***HN*486325255A~DTM*050*20040401~DTM*232*20040305~DTM*233*20040305~CLP*877433C03038K*2*505*67.91**15*04078213770~CAS*OA*23*271.69~CAS*OA*96*165.4~NM1*QC*1*CLARK*JOEL*W***MI*B62469~NM1*IL*1*CLARK*JOEL*W***HN*432401560A~DTM*050*20040401~DTM*232*20040301~DTM*233*20040304~CLP*109341C0303A8*2*788*110.59**15*04078213810~CAS*OA*23*442.38~CAS*OA*96*235.03~NM1*QC*1*CLARK*VICTOR*A***MI*C56663~NM1*IL*1*CLARK*VICTOR*A***HN*432520042A~DTM*050*20040401~DTM*232*20040224~DTM*233*20040304~CLP*139948C0303BC*2*64*9.55**15*04078213350~CAS*OA*23*38.18~CAS*OA*96*16.27~NM1*QC*1*CORBETT*SNODA*P***MI*Y43307~NM1*IL*1*CORBETT*SNODA*P***HN*431422782B~DTM*050*20040401~DTM*232*20040309~DTM*233*20040309~CLP*844274C0303DP*2*73*44.92**15*04077230700~CAS*OA*23*13.55~CAS*OA*96*14.53~NM1*QC*1*CRUMBAUGH*NANCY*L***MI*T17261~NM1*IL*1*CRUMBAUGH*NANCY*L***HN*449162512B~DTM*050*20040331~DTM*232*20040225~DTM*233*20040225~CLP*145153C03036E*2*225*28.29**15*04078179940~CAS*OA*23*113.18~CAS*OA*96*83.53~NM1*QC*1*DUBUS*GLADYS****MI*190569~NM1*IL*1*DUBUS*GLADYS****HN*431663153A~DTM*050*20040401~DTM*232*20040225~DTM*233*20040226~CLP*145153C03036F*2*60*6.83**15*04078179950~CAS*OA*23*30.48~CAS*OA*96*22.69~NM1*QC*1*DUBUS*GLADYS****MI*190569~NM1*IL*1*DUBUS*GLADYS****HN*431663153A~DTM*050*20040401~DTM*232*20040308~DTM*233*20040308~CLP*104013C03035D*2*145*47.73**15*04078179090~CAS*OA*23*26.16~CAS*OA*96*71.11~NM1*QC*1*DUNHAM*GEORGIA*R***MI*L79210~NM1*IL*1*DUNHAM*GEORGIA*R***HN*303142642D~DTM*050*20040401~DTM*232*20040301~DTM*233*20040301~CLP*126047C03035Z*2*430*60.36**15*04078180080~CAS*OA*23*241.49~CAS*OA*96*128.15~NM1*QC*1*ELLIS*JOHN*W***MI*P34100~NM1*IL*1*ELLIS*JOHN*W***HN*432266941A~DTM*050*20040401~DTM*232*20040211~DTM*233*20040216~CLP*95054C03039A*2*105*13.12**15*04078214060~CAS*OA*23*52.48~CAS*OA*96*39.4~NM1*QC*1*FARLEY*LOUISE****MI*Y19370~NM1*IL*1*FARLEY*LOUISE****HN*551327690D~DTM*050*20040401~DTM*232*20040221~DTM*233*20040221~CLP*101242C03039S*2*131*9.55**15*04078212730~CAS*OA*23*53.01~CAS*OA*96*68.44~NM1*QC*1*FAUGHN*ALFRED*A***MI*U97142~NM1*IL*1*FAUGHN*ALFRED*A***HN*367382534A~DTM*050*20040401~DTM*232*20040308~DTM*233*20040308~CLP*158368C03036Q*2*180*100.28**15*04078179130~CAS*OA*23*1.12~CAS*OA*96*78.6~NM1*QC*1*FAULKNER*SALLY*B***MI*Y83006~NM1*IL*1*FAULKNER*SALLY*B***HN*349221056A~DTM*050*20040401~DTM*232*20040308~DTM*233*20040308~CLP*141480C0303BG*2*64*9.55**15*04078213270~CAS*OA*23*38.18~CAS*OA*96*16.27~NM1*QC*1*FISCUS*BROOKS*M***MI*H37429~NM1*IL*1*FISCUS*BROOKS*M***HN*430581620A~DTM*050*20040401~DTM*232*20040309~DTM*233*20040309~CLP*144460C0307I5*2*64*47.73**15*04090264740~CAS*OA*96*16.27~NM1*QC*1*FLEETWOOD*PATRICIA*A***MI*V67853~NM1*IL*1*FLEETWOOD*PATRICIA*A***HN*304387949A~DTM*050*20040402~DTM*232*20040322~DTM*233*20040322~CLP*876187C030343*2*50*7.51**15*04078179280~CAS*OA*23*30.05~CAS*OA*96*12.44~NM1*QC*1*FREEMAN*MONA*M***MI*M35857~NM1*IL*1*FREEMAN*MONA*M***HN*429340720B~DTM*050*20040401~DTM*232*20040225~DTM*233*20040225~CLP*119469C0307F9*2*64*47.73**15*04090269980~CAS*OA*96*16.27~NM1*QC*1*GALLOP*JUNE****MI*P57913~NM1*IL*1*GALLOP*JUNE****HN*429567559A~DTM*050*20040402~DTM*232*20040322~DTM*233*20040322~CLP*148845C0303BS*2*513*67.55**15*04078213860~CAS*OA*23*140.38~CAS*OA*96*305.07~NM1*QC*1*GANN*BILLY****MI*U23333~NM1*IL*1*GANN*BILLY****HN*432643038A~DTM*050*20040401~DTM*232*20040308~DTM*233*20040308~CLP*90160C03038V*2*64*9.55**15*04078213840~CAS*OA*23*38.18~CAS*OA*96*16.27~NM1*QC*1*GIBSON*JANE****MI*C61870~NM1*IL*1*GIBSON*JANE****HN*432523468A~DTM*050*20040401~DTM*232*20040303~DTM*233*20040303~CLP*87592C03034A*2*144.31*9.55**15*04078179240~CAS*OA*23*67.89~CAS*OA*96*66.87~NM1*QC*1*GILBERT*DORIS****MI*W66622~NM1*IL*1*GILBERT*DORIS****HN*425422062A~DTM*050*20040401~DTM*232*20040304~DTM*233*20040304~CLP*108067C0303A4*2*135*9.55**15*04078213760~CAS*OA*23*64.65~CAS*OA*96*60.8~NM1*QC*1*GLENN*PAULINE****MI*M10843~NM1*IL*1*GLENN*PAULINE****HN*432301004A~DTM*050*20040401~DTM*232*20040309~DTM*233*20040309~CLP*873587C03033Y*2*280*39.62**15*04078179740~CAS*OA*23*158.51~CAS*OA*96*81.87~NM1*QC*1*GOFF*AMON*U***MI*V20849~NM1*IL*1*GOFF*AMON*U***HN*431188542A~DTM*050*20040401~DTM*232*20040226~DTM*233*20040227~CLP*103643C0306O7*2*64*47.73**15*04084268800~CAS*OA*96*16.27~NM1*QC*1*GOODART-VOLK*NORMA*W***MI*242611~NM1*IL*1*GOODART-VOLK*NORMA*W***HN*432262313D2~DTM*050*20040331~DTM*232*20040304~DTM*233*20040304~CLP*89912C03038U*2*309*43.99**15*04078213690~CAS*OA*23*175.98~CAS*OA*96*89.03~NM1*QC*1*GRIMES*MONTE*F***MI*B91129~NM1*IL*1*GRIMES*MONTE*F***HN*432224956A~DTM*050*20040401~DTM*232*20040221~DTM*233*20040222~CLP*94238C03034S*2*410*53.46**15*04078180050~CAS*OA*23*213.88~CAS*OA*96*142.66~NM1*QC*1*GRISSOM*FRANCES*L***MI*Y29465~NM1*IL*1*GRISSOM*FRANCES*L***HN*432265615B~DTM*050*20040401~DTM*232*20040224~DTM*233*20040226~CLP*94238C03034T*2*129*9.55**15*04078180060~CAS*OA*23*58.95~CAS*OA*96*60.5~NM1*QC*1*GRISSOM*FRANCES*L***MI*Y29465~NM1*IL*1*GRISSOM*FRANCES*L***HN*432265615B~DTM*050*20040401~DTM*232*20040308~DTM*233*20040308~CLP*94238C03034U*2*225*28.29**15*04078180070~CAS*OA*23*113.18~CAS*OA*96*83.53~NM1*QC*1*GRISSOM*FRANCES*L***MI*Y29465~NM1*IL*1*GRISSOM*FRANCES*L***HN*432265615B~DTM*050*20040401~DTM*232*20040301~DTM*233*20040302~CLP*873462C03033X*2*77*9.55**15*04078179160~CAS*OA*23*41.45~CAS*OA*96*26~NM1*QC*1*HALE*FAUSTINE****MI*Y19807~NM1*IL*1*HALE*FAUSTINE****HN*375207481A~DTM*050*20040401~DTM*232*20040304~DTM*233*20040304~CLP*92730C030394*2*64*9.55**15*04078213340~CAS*OA*23*38.18~CAS*OA*96*16.27~NM1*QC*1*HART*MAXINE*L***MI*B78114~NM1*IL*1*HART*MAXINE*L***HN*431422192A~DTM*050*20040401~DTM*232*20040308~DTM*233*20040308~CLP*844006C03037L*2*225*28.29**15*04078180160~CAS*OA*23*113.18~CAS*OA*96*83.53~NM1*QC*1*HAYES*MERYL****MI*F80728~NM1*IL*1*HAYES*MERYL****HN*432741571A~DTM*050*20040401~DTM*232*20040221~DTM*233*20040222~CLP*91738C03038Z*2*334*75**15*04078212620~CAS*OA*23*34.12~CAS*OA*96*224.88~NM1*QC*1*HAZEL*SALLY*A***MI*U13324~NM1*IL*1*HAZEL*SALLY*A***HN*190288589A~DTM*050*20040401~DTM*232*20040309~DTM*233*20040309~CLP*96048C0307HL*2*64*47.73**15*04090265110~CAS*OA*96*16.27~NM1*QC*1*HOLMES*ALTON*D***MI*M72074~NM1*IL*1*HOLMES*ALTON*D***HN*402228969A~DTM*050*20040402~DTM*232*20040322~DTM*233*20040322~CLP*90479C03038W*2*355*49.99**15*04078212810~CAS*OA*23*200~CAS*OA*96*105.01~NM1*QC*1*HOUSTON*NAOMI****MI*Y84572~NM1*IL*1*HOUSTON*NAOMI****HN*411281575B~DTM*050*20040401~DTM*232*20040225~DTM*233*20040227~CLP*114200C0303AG*2*73*11.69**15*04078213900~CAS*OA*23*46.78~CAS*OA*96*14.53~NM1*QC*1*HUBBARD*GRACE*L***MI*087384~NM1*IL*1*HUBBARD*GRACE*L***HN*432703176D~DTM*050*20040401~DTM*232*20040225~DTM*233*20040225~CLP*171813C0304GD*2*1672.11*185.78**15*04077215740~CAS*OA*23*743.13~CAS*OA*96*743.2~NM1*QC*1*JOLLEY*RUBY*L***MI*B75560~NM1*IL*1*JOLLEY*RUBY*L***HN*429485669A~DTM*050*20040402~DTM*232*20040303~DTM*233*20040303~CLP*174286C0303TH*2*499*25.08**15*04077223080~CAS*OA*23*100.32~CAS*OA*96*373.6~NM1*QC*1*KELLIM-BUTTS*MELBA****MI*597222~NM1*IL*1*KELLIM-BUTTS*MELBA****HN*432820468A~DTM*050*20040331~DTM*232*20040225~DTM*233*20040225~CLP*113676C03035K*2*491*42.46**15*04078179400~CAS*OA*23*225.1~CAS*OA*96*223.44~NM1*QC*1*KING*FLOYD*C***MI*990108151~NM1*IL*1*KING*FLOYD*C***HN*429609344A~DTM*050*20040401~DTM*232*20040302~DTM*233*20040302~CLP*122672C03035W*2*388*9.55**15*04078179250~CAS*OA*23*38.18~CAS*OA*96*340.27~NM1*QC*1*LANSDALE*J*C***MI*Y17618~NM1*IL*1*LANSDALE*J*C***HN*428200107A~DTM*050*20040401~DTM*232*20040309~DTM*233*20040309~CLP*878268C030348*2*110*34.7**15*04078179220~CAS*OA*23*30.23~CAS*OA*96*45.07~NM1*QC*1*MADDOX*JANE*F***MI*A67204~NM1*IL*1*MADDOX*JANE*F***HN*414269847A~DTM*050*20040401~DTM*232*20040304~DTM*233*20040304~CLP*90107C03034H*2*112.31*9.55**15*04078179840~CAS*OA*23*54.47~CAS*OA*96*48.29~NM1*QC*1*MARLAR*D*G***MI*U99809~NM1*IL*1*MARLAR*D*G***HN*431569805A~DTM*050*20040401~DTM*232*20040309~DTM*233*20040309~CLP*90107C03034I*2*36*3.6**15*04078179850~CAS*OA*23*18.94~CAS*OA*96*13.46~NM1*QC*1*MARLAR*D*G***MI*U99809~NM1*IL*1*MARLAR*D*G***HN*431569805A~DTM*050*20040401~DTM*232*20040309~DTM*233*20040309~CLP*148677C0303BQ*2*355*49.99**15*04078213570~CAS*OA*23*200~CAS*OA*96*105.01~NM1*QC*1*MAYES*EVELYN*B***MI*C58147~NM1*IL*1*MAYES*EVELYN*B***HN*431663086A~DTM*050*20040401~DTM*232*20040206~DTM*233*20040208~CLP*843291C03037J*2*205*29.25**15*04078179830~CAS*OA*23*117.02~CAS*OA*96*58.73~NM1*QC*1*MCDANIEL*J*H***MI*Y04440~NM1*IL*1*MCDANIEL*J*H***HN*431506792A~DTM*050*20040401~DTM*232*20040202~DTM*233*20040202~CLP*870740C030386*2*193*47.73**15*04078214050~CAS*OA*23*25.37~CAS*OA*96*119.9~NM1*QC*1*MCFARLAND*BESSIE****MI*L55314~NM1*IL*1*MCFARLAND*BESSIE****HN*499226342A~DTM*050*20040401~DTM*232*20040301~DTM*233*20040301~CLP*91055C03034L*2*45*6.83**15*04078179920~CAS*OA*23*27.34~CAS*OA*96*10.83~NM1*QC*1*MORRIS*LAWANDA*J***MI*L09702~NM1*IL*1*MORRIS*LAWANDA*J***HN*431603026A~DTM*050*20040401~DTM*232*20040309~DTM*233*20040309~CLP*111896C0303AB*2*131*9.55**15*04078213420~CAS*OA*23*53.01~CAS*OA*96*68.44~NM1*QC*1*MUYRES*MARY*E***MI*E89032~NM1*IL*1*MUYRES*MARY*E***HN*431444309A~DTM*050*20040401~DTM*232*20040308~DTM*233*20040308~CLP*168269C0303SO*2*64*9.55**15*04077217710~CAS*OA*23*38.18~CAS*OA*96*16.27~NM1*QC*1*O CONNOR*GRACIE*I***MI*L11492~NM1*IL*1*O CONNOR*GRACIE*I***HN*430347128D~DTM*050*20040331~DTM*232*20040309~DTM*233*20040309~CLP*846798C03037P*2*129*26.39**15*04078180260~CAS*OA*23*42.11~CAS*OA*96*60.5~NM1*QC*1*OLDHAM*CARRIE****MI*990109963~NM1*IL*1*OLDHAM*CARRIE****HN*487424105A~DTM*050*20040402~DTM*232*20040309~DTM*233*20040309~CLP*92012C030391*2*305*47.73**15*04078213390~CAS*OA*23*61.11~CAS*OA*96*196.16~NM1*QC*1*PARKS*MURIEL*L***MI*B49747~NM1*IL*1*PARKS*MURIEL*L***HN*431428597A~DTM*050*20040401~DTM*232*20040227~DTM*233*20040227~CLP*149491C03036I*2*64*9.55**15*04078179340~CAS*OA*23*38.18~CAS*OA*96*16.27~NM1*QC*1*PRICE*ALVIE*C***MI*V58306~NM1*IL*1*PRICE*ALVIE*C***HN*429487879A~DTM*050*20040401~DTM*232*20040304~DTM*233*20040304~CLP*860975C03033V*2*26*3.77**15*04078180270~CAS*OA*23*15.06~CAS*OA*96*7.17~NM1*QC*1*RAY*ROSEMARY*D***MI*690098~NM1*IL*1*RAY*ROSEMARY*D***HN*488076186A~DTM*050*20040401~DTM*232*20040304~DTM*233*20040304~CLP*92943C0303TV*2*2909.22*364.82**15*04077213950~CAS*OA*23*1459.25~CAS*OA*96*1085.15~NM1*QC*1*READ*EARL****MI*P46966~NM1*IL*1*READ*EARL****HN*367283623A~DTM*050*20040402~DTM*232*20040226~DTM*233*20040226~CLP*92943C0303TW*2*2915.61*365.38**15*04077213960~CAS*OA*23*1461.5~CAS*OA*96*1088.73~NM1*QC*1*READ*EARL****MI*P46966~NM1*IL*1*READ*EARL****HN*367283623A~DTM*050*20040402~DTM*232*20040304~DTM*233*20040304~CLP*109692C0303A9*2*382*25.73**15*04078213250~CAS*OA*23*137.58~CAS*OA*96*218.69~NM1*QC*1*REID*LELA****MI*C43360~NM1*IL*1*REID*LELA****HN*430502405A~DTM*050*20040401~DTM*232*20040301~DTM*233*20040305~CLP*152589C0303C4*2*169*24.83**15*04078213910~CAS*OA*23*99.34~CAS*OA*96*44.83~NM1*QC*1*ROBERTS*DIXIE****MI*990148589~NM1*IL*1*ROBERTS*DIXIE****HN*432709946A~DTM*050*20040401~DTM*232*20040227~DTM*233*20040227~CLP*130701C0303B5*2*105*13.12**15*04078213010~CAS*OA*23*52.48~CAS*OA*96*39.4~NM1*QC*1*SCHULTZ*MYRTLE*M***MI*H86590~NM1*IL*1*SCHULTZ*MYRTLE*M***HN*429469083A~DTM*050*20040401~DTM*232*20040221~DTM*233*20040221~CLP*100046C03039O*2*208*29.48**15*04078213380~CAS*OA*23*117.92~CAS*OA*96*60.6~NM1*QC*1*SHAVER*LENORA****MI*456680~NM1*IL*1*SHAVER*LENORA****HN*431426775D~DTM*050*20040401~DTM*232*20040221~DTM*233*20040222~CLP*89762C03034E*2*199*36.05**15*04078179990~CAS*OA*23*38.94~CAS*OA*96*124.01~NM1*QC*1*SHELTON*BETTY****MI*Y06054~NM1*IL*1*SHELTON*BETTY****HN*431709258A~DTM*050*20040401~DTM*232*20040305~DTM*233*20040305~CLP*851801C03037W*2*158*20.95**15*04078213490~CAS*OA*23*83.81~CAS*OA*96*53.24~NM1*QC*1*SMITH*HILDRED*R***MI*U66579~NM1*IL*1*SMITH*HILDRED*R***HN*431603061A~DTM*050*20040401~DTM*232*20040302~DTM*233*20040302~CLP*87650C0307D3*2*45*34.17**15*04090270840~CAS*OA*96*10.83~NM1*QC*1*SMITH*KATHRYN*T***MI*U60072~NM1*IL*1*SMITH*KATHRYN*T***HN*430941057A~DTM*050*20040402~DTM*232*20040323~DTM*233*20040323~CLP*96618C0306NP*2*64*47.73**15*04084267590~CAS*OA*96*16.27~NM1*QC*1*SNEDEKER*BETTY*L***MI*F62703~NM1*IL*1*SNEDEKER*BETTY*L***HN*432888074D~DTM*050*20040402~DTM*232*20040301~DTM*233*20040301~CLP*830591C03037C*2*275.5*9.55**15*04078179540~CAS*OA*23*87.05~CAS*OA*96*178.9~NM1*QC*1*THETFORD*MATTIE*L***MI*L48365~NM1*IL*1*THETFORD*MATTIE*L***HN*430348938D~DTM*050*20040401~DTM*232*20040304~DTM*233*20040308~CLP*141400C0303BF*2*96*15**15*04078213670~CAS*OA*23*60~CAS*OA*96*21~NM1*QC*1*TRACER*JOE****MI*H77991~NM1*IL*1*TRACER*JOE****HN*432143094A~DTM*050*20040401~DTM*232*20040301~DTM*233*20040301~CLP*89900C03038T*2*88*9.55**15*04078213170~CAS*OA*23*46.67~CAS*OA*96*31.78~NM1*QC*1*WARD*BEATRICE****MI*968408~NM1*IL*1*WARD*BEATRICE****HN*430166971B~DTM*050*20040401~DTM*232*20040302~DTM*233*20040302~CLP*93003C03034Q*2*300*38.66**15*04078180290~CAS*OA*23*154.67~CAS*OA*96*106.67~NM1*QC*1*WARD*EPHRIAM*B***MI*C73619~NM1*IL*1*WARD*EPHRIAM*B***HN*495368966A~DTM*050*20040401~DTM*232*20040216~DTM*233*20040218~CLP*877027C03038I*2*180*9.55**15*04078213870~CAS*OA*23*58.55~CAS*OA*96*111.9~NM1*QC*1*WARD*LOVIE****MI*V79166~NM1*IL*1*WARD*LOVIE****HN*432644897A~DTM*050*20040401~DTM*232*20040301~DTM*233*20040301~CLP*877027C03038J*2*355*47.17**15*04078213880~CAS*OA*23*188.71~CAS*OA*96*119.12~NM1*QC*1*WARD*LOVIE****MI*V79166~NM1*IL*1*WARD*LOVIE****HN*432644897A~DTM*050*20040401~DTM*232*20040217~DTM*233*20040218~CLP*121405C03035V*2*193*9.55**15*04078179390~CAS*OA*23*63.55~CAS*OA*96*119.9~NM1*QC*1*WARNER*LEOTA****MI*L20526~NM1*IL*1*WARNER*LEOTA****HN*429568933A~DTM*050*20040401~DTM*232*20040309~DTM*233*20040309~CLP*831382C03037D*2*142*15.7**15*04078179730~CAS*OA*23*66.06~CAS*OA*96*60.24~NM1*QC*1*WATKINS*MILDRED*F***MI*N78811~NM1*IL*1*WATKINS*MILDRED*F***HN*431146581D~DTM*050*20040401~DTM*232*20040302~DTM*233*20040302~CLP*95789C03039B*2*111*47.73**15*04078212740~CAS*OA*23*3~CAS*OA*96*60.27~NM1*QC*1*WATSON*RUTH****MI*L51140~NM1*IL*1*WATSON*RUTH****HN*371365372A~DTM*050*20040401~DTM*232*20040309~DTM*233*20040309~CLP*139422C0307R2*2*64*0*47.73*15*04090270230~CAS*PR*96*47.73~CAS*OA*96*16.27~NM1*QC*1*WESTMORELAND*LAVERNE****MI*V96605~NM1*IL*1*WESTMORELAND*LAVERNE****HN*429763646A~DTM*050*20040402~DTM*232*20040322~DTM*233*20040322~CLP*100844C03039R*2*73*11.69**15*04078213370~CAS*OA*23*46.78~CAS*OA*96*14.53~NM1*QC*1*WILKES*OPAL*L***MI*W28681~NM1*IL*1*WILKES*OPAL*L***HN*431426483D~DTM*050*20040401~DTM*232*20040303~DTM*233*20040303~SE*751*2XJGMD5S0~GE*1*1~IEA*1*625900148~
