ISA*00*1234      *00*1234      *ZZ*123456789      *ZZ*E1527          *040405*1717*U*00401*622480148*0*P*:~GS*HP*123456789*987654321*20040401*1701*1*X*004010X091A1~ST*835*2XJAZXS3K~BPR*I*14508.21*C*ACH*CCP*01*082000073*DA*004162598647*1710226428*MP0100000*01*084107628*DA*0304751*20040405~TRN*1*09002513*1710226428*MP01~REF*F2*MEDIPAK~DTM*405*20040331~N1*PR*ARKANSAS BLUE CROSS AND BLUE SHIELD~N3*P.O. BOX 2181~N4*LITTLE ROCK*AR*722032181~N1*PE*CLOPTON CLINIC*FI*710479294~N3*300 CARSON~N4*JONESBORO*AR*72401~REF*PQ*56709~LX*1~CLP*141229C0303NZ*2*296*38.44**15*04077222690~CAS*OA*23*153.81~CAS*OA*96*103.75~NM1*QC*1*ADAMS*ARCHIE****MI*P57331~NM1*IL*1*ADAMS*ARCHIE****HN*432606008A~DTM*050*20040331~DTM*232*20040214~DTM*233*20040218~CLP*141229C030410*2*150*20.74**15*04077222700~CAS*OA*23*82.98~CAS*OA*96*46.28~NM1*QC*1*ADAMS*ARCHIE****MI*P57331~NM1*IL*1*ADAMS*ARCHIE****HN*432606008A~DTM*050*20040331~DTM*232*20040131~DTM*233*20040201~CLP*141229C0304EO*2*3296.71*505.89**15*04077222760~CAS*OA*23*2023.54~CAS*OA*96*767.28~NM1*QC*1*ADAMS*ARCHIE****MI*P57331~NM1*IL*1*ADAMS*ARCHIE****HN*432606008A~DTM*050*20040331~DTM*232*20040304~DTM*233*20040304~CLP*112470C03031I*2*137*9.55**15*04077227800~CAS*OA*23*60.84~CAS*OA*96*66.61~NM1*QC*1*ADCOCK*ZULA****MI*B88799~NM1*IL*1*ADCOCK*ZULA****HN*526281800A~DTM*050*20040331~DTM*232*20040308~DTM*233*20040308~CLP*830026C0302YU*2*71*6.83**15*04077226630~CAS*OA*23*33.88~CAS*OA*96*30.29~NM1*QC*1*ADDISON*HOWELL****MI*N75868~NM1*IL*1*ADDISON*HOWELL****HN*431030751A~DTM*050*20040331~DTM*232*20040301~DTM*233*20040308~CLP*155384C0303S3*2*641*38.25**15*04077222850~CAS*OA*23*152.98~CAS*OA*96*449.77~NM1*QC*1*AHRENT*LOUIS****MI*U95996~NM1*IL*1*AHRENT*LOUIS****HN*432703741A~DTM*050*20040331~DTM*232*20040225~DTM*233*20040225~CLP*878331C0304LQ*2*79*9.55**15*04077222220~CAS*OA*23*41.32~CAS*OA*96*28.13~NM1*QC*1*AKRIDGE*DONNA*D***MI*Y00071~NM1*IL*1*AKRIDGE*DONNA*D***HN*432309974A~DTM*050*20040331~DTM*232*20040305~DTM*233*20040305~CLP*144430C0304L9*2*45*6.83**15*04077220500~CAS*OA*23*27.34~CAS*OA*96*10.83~NM1*QC*1*ALEXANDER*DALE*B***MI*B63107~NM1*IL*1*ALEXANDER*DALE*B***HN*431600869A~DTM*050*20040331~DTM*232*20040303~DTM*233*20040303~CLP*163932C0303CS*2*405.31*15**15*04077228040~CAS*OA*23*140.27~CAS*OA*96*250.04~NM1*QC*1*ANDERSON*GWINDLE****MI*V98718~NM1*IL*1*ANDERSON*GWINDLE****HN*365406962A~DTM*050*20040331~DTM*232*20040227~DTM*233*20040227~CLP*140044C0304KG*2*90*13.66**15*04077219170~CAS*OA*23*54.68~CAS*OA*96*21.66~NM1*QC*1*ANDERSON*LORENE*V***MI*417623~NM1*IL*1*ANDERSON*LORENE*V***HN*431420977A~DTM*050*20040331~DTM*232*20040227~DTM*233*20040305~CLP*143222C0303IS*2*222*28.08**15*04077228200~CAS*OA*23*112.31~CAS*OA*96*81.61~NM1*QC*1*ASKEW*BETSY*L***MI*N88380~NM1*IL*1*ASKEW*BETSY*L***HN*421148586A~DTM*050*20040331~DTM*232*20040302~DTM*233*20040302~CLP*846662C030491*2*150*20.74**15*04077218070~CAS*OA*23*82.98~CAS*OA*96*46.28~NM1*QC*1*ATKINSON*DORIS*J***MI*Y75851~NM1*IL*1*ATKINSON*DORIS*J***HN*430503206B~DTM*050*20040331~DTM*232*20040228~DTM*233*20040229~CLP*160934C0303S9*2*641*38.25**15*04077222330~CAS*OA*23*152.98~CAS*OA*96*449.77~NM1*QC*1*BAILEY*JUANITA*E***MI*N94019~NM1*IL*1*BAILEY*JUANITA*E***HN*432405197A~DTM*050*20040331~DTM*232*20040303~DTM*233*20040303~CLP*156371C0303CD*2*111*47.73**15*04077229740~CAS*OA*23*16.56~CAS*OA*96*46.71~NM1*QC*1*BARKER*HAROLD*C***MI*L56669~NM1*IL*1*BARKER*HAROLD*C***HN*431581338A~DTM*050*20040331~DTM*232*20040301~DTM*233*20040301~CLP*98981C0302Y8*2*45*6.83**15*04077227100~CAS*OA*23*27.34~CAS*OA*96*10.83~NM1*QC*1*BELK*CHARLES****MI*Y95400~NM1*IL*1*BELK*CHARLES****HN*431706894A~DTM*050*20040331~DTM*232*20040301~DTM*233*20040301~CLP*104811C0304LH*2*45*6.83**15*04077221210~CAS*OA*23*27.34~CAS*OA*96*10.83~NM1*QC*1*BELK*JOE*D***MI*C58125~NM1*IL*1*BELK*JOE*D***HN*431707052A~DTM*050*20040331~DTM*232*20040309~DTM*233*20040309~CLP*174090C0303QN*2*641*18.25*100*15*04077224830~CAS*PR*96*100~CAS*OA*23*72.98~CAS*OA*96*449.77~NM1*QC*1*BERRY*MARY*A***MI*990118769~NM1*IL*1*BERRY*MARY*A***HN*527920712A~DTM*050*20040331~DTM*232*20040226~DTM*233*20040226~CLP*872013C0306LN*2*64*47.73**15*04084268840~CAS*OA*96*16.27~NM1*QC*1*BINKLEY*ANN*L***MI*V48618~NM1*IL*1*BINKLEY*ANN*L***HN*567248501D4~DTM*050*20040331~DTM*232*20040315~DTM*233*20040315~CLP*843949C030336*2*172*9.55**15*04077225840~CAS*OA*23*52.6~CAS*OA*96*109.85~NM1*QC*1*BINKLEY*ORVILLE*E***MI*K00103~NM1*IL*1*BINKLEY*ORVILLE*E***HN*409182914A~DTM*050*20040331~DTM*232*20040304~DTM*233*20040304~CLP*89000C03030O*2*245*29.33**15*04077226080~CAS*OA*23*120.48~CAS*OA*96*95.19~NM1*QC*1*BIVENS*MARCE****MI*Y17804~NM1*IL*1*BIVENS*MARCE****HN*429488042A~DTM*050*20040331~DTM*232*20040301~DTM*233*20040301~CLP*96808C030310*2*300*31.4**15*04077227790~CAS*OA*23*138.5~CAS*OA*96*130.1~NM1*QC*1*BLAIR*BYRON*R***MI*Y33831~NM1*IL*1*BLAIR*BYRON*R***HN*524225927A~DTM*050*20040331~DTM*232*20040304~DTM*233*20040308~CLP*174426C0303JP*2*191*26.35**15*04077229190~CAS*OA*23*105.42~CAS*OA*96*59.23~NM1*QC*1*BLALOCK*HERBERT****MI*562621~NM1*IL*1*BLALOCK*HERBERT****HN*430565892A~DTM*050*20040331~DTM*232*20040303~DTM*233*20040303~CLP*878155C0303QU*2*1259*62.73**15*04077216470~CAS*OA*23*250.94~CAS*OA*96*945.33~NM1*QC*1*BLANKENSHIP*JAMES****MI*U50125~NM1*IL*1*BLANKENSHIP*JAMES****HN*429640448A~DTM*050*20040331~DTM*232*20040224~DTM*233*20040224~CLP*88034C03043E*2*238*22.35**15*04077222870~CAS*OA*23*89.4~CAS*OA*96*126.25~NM1*QC*1*BLANKENSHIP*LORETTA*M***MI*U07441~NM1*IL*1*BLANKENSHIP*LORETTA*M***HN*432707500A~DTM*050*20040331~DTM*232*20040303~DTM*233*20040303~CLP*88034C0303I6*2*129*15.7**15*04077230480~CAS*OA*23*62.79~CAS*OA*96*50.51~NM1*QC*1*BLANKENSHIP*LORETTA*M***MI*U07441~NM1*IL*1*BLANKENSHIP*LORETTA*M***HN*432707500A~DTM*050*20040331~DTM*232*20040303~DTM*233*20040303~CLP*101812C0304LG*2*158*9.55**15*04077218300~CAS*OA*23*75.51~CAS*OA*96*72.94~NM1*QC*1*BLANKS*AL*T***MI*U99458~NM1*IL*1*BLANKS*AL*T***HN*430641122A~DTM*050*20040331~DTM*232*20040308~DTM*233*20040308~CLP*172350C0303QH*2*518*30.08**15*04077213360~CAS*OA*23*120.34~CAS*OA*96*367.58~NM1*QC*1*BLOCK*KATHERINE*H***MI*F94349~NM1*IL*1*BLOCK*KATHERINE*H***HN*327229794B~DTM*050*20040331~DTM*232*20040227~DTM*233*20040227~CLP*844790C0303DV*2*73*44.92**15*04077230810~CAS*OA*23*13.55~CAS*OA*96*14.53~NM1*QC*1*BOBBITT*CLOMA****MI*N46823~NM1*IL*1*BOBBITT*CLOMA****HN*493247519A~DTM*050*20040331~DTM*232*20040225~DTM*233*20040225~CLP*174386C0304DE*2*460*59.7**15*04077215130~CAS*OA*23*238.8~CAS*OA*96*161.5~NM1*QC*1*BOUNDS*CHARLENE****MI*B60339~NM1*IL*1*BOUNDS*CHARLENE****HN*429158149A~DTM*050*20040331~DTM*232*20040202~DTM*233*20040206~CLP*174386C0304DF*2*460*59.69**15*04077215140~CAS*OA*23*238.81~CAS*OA*96*161.5~NM1*QC*1*BOUNDS*CHARLENE****MI*B60339~NM1*IL*1*BOUNDS*CHARLENE****HN*429158149A~DTM*050*20040331~DTM*232*20040209~DTM*233*20040223~CLP*171285C0303DB*2*73*44.92**15*04077230270~CAS*OA*23*13.55~CAS*OA*96*14.53~NM1*QC*1*BOYD*DORIS****MI*B28048~NM1*IL*1*BOYD*DORIS****HN*432267449D~DTM*050*20040331~DTM*232*20040225~DTM*233*20040225~CLP*166776C03042D*2*150*9.26*50.94*15*04077219140~CAS*PR*96*50.94~CAS*OA*23*37.05~CAS*OA*96*52.75~NM1*QC*1*BRADLEY*B*R***MI*Y30138~NM1*IL*1*BRADLEY*B*R***HN*431362424A~DTM*050*20040331~DTM*232*20040216~DTM*233*20040216~CLP*143478C0303V0*2*45*6.83**15*04077224980~CAS*OA*23*27.34~CAS*OA*96*10.83~NM1*QC*1*BRIMHALL*EFFIE*R***MI*N83089~NM1*IL*1*BRIMHALL*EFFIE*R***HN*558343035A~DTM*050*20040331~DTM*232*20040223~DTM*233*20040223~CLP*160822C0303CM*2*184*9.55**15*04077228370~CAS*OA*23*80.63~CAS*OA*96*93.82~NM1*QC*1*BROOKS*LUCY*G***MI*578343~NM1*IL*1*BROOKS*LUCY*G***HN*429388616A~DTM*050*20040331~DTM*232*20040301~DTM*233*20040309~CLP*100003C03043P*2*238*29.41**15*04077217430~CAS*OA*23*122.1~CAS*OA*96*86.49~NM1*QC*1*BROWN*C*R***MI*T12965~NM1*IL*1*BROWN*C*R***HN*430165491A~DTM*050*20040331~DTM*232*20040301~DTM*233*20040301~CLP*102622C03043S*2*233*31.32**15*04077217650~CAS*OA*23*125.3~CAS*OA*96*76.38~NM1*QC*1*BROWN*ESSIE*L***MI*F92723~NM1*IL*1*BROWN*ESSIE*L***HN*430264125D~DTM*050*20040331~DTM*232*20040214~DTM*233*20040215~CLP*139670C03044M*2*169*22.02**15*04077217440~CAS*OA*23*88.11~CAS*OA*96*58.87~NM1*QC*1*BROWN*RUTH*H***MI*T12964~NM1*IL*1*BROWN*RUTH*H***HN*430165491B~DTM*050*20040331~DTM*232*20040301~DTM*233*20040301~CLP*845494C0303Z7*2*814.16*97.35**15*04077215500~CAS*OA*23*389.38~CAS*OA*96*327.43~NM1*QC*1*BRUMMETT*JOE*J***MI*990156286~NM1*IL*1*BRUMMETT*JOE*J***HN*429366564A~DTM*050*20040331~DTM*232*20040303~DTM*233*20040303~CLP*845494C03033H*2*129*15.7**15*04077226020~CAS*OA*23*62.79~CAS*OA*96*50.51~NM1*QC*1*BRUMMETT*JOE*J***MI*990156286~NM1*IL*1*BRUMMETT*JOE*J***HN*429366564A~DTM*050*20040331~DTM*232*20040304~DTM*233*20040304~CLP*135026C03044G*2*64*9.55**15*04077224600~CAS*OA*23*38.18~CAS*OA*96*16.27~NM1*QC*1*BRYAN*ELWANDA****MI*T17078~NM1*IL*1*BRYAN*ELWANDA****HN*500247903D~DTM*050*20040331~DTM*232*20040305~DTM*233*20040305~CLP*845114C0303DX*2*64*9.55**15*04077229550~CAS*OA*23*38.18~CAS*OA*96*16.27~NM1*QC*1*BRYANT*HELEN*M***MI*K23431~NM1*IL*1*BRYANT*HELEN*M***HN*431445218A~DTM*050*20040331~DTM*232*20040301~DTM*233*20040301~CLP*168389C0303XF*2*96*15**15*04077221850~CAS*OA*23*60~CAS*OA*96*21~NM1*QC*1*BULLARD*ROSE****MI*242850~NM1*IL*1*BULLARD*ROSE****HN*432143793D~DTM*050*20040331~DTM*232*20040302~DTM*233*20040302~CLP*168389C03042I*2*235*28.58**15*04077221860~CAS*OA*23*114.34~CAS*OA*96*92.08~NM1*QC*1*BULLARD*ROSE****MI*242850~NM1*IL*1*BULLARD*ROSE****HN*432143793D~DTM*050*20040331~DTM*232*20040116~DTM*233*20040117~CLP*168389C03046D*2*150*20.74**15*04077221870~CAS*OA*23*82.98~CAS*OA*96*46.28~NM1*QC*1*BULLARD*ROSE****MI*242850~NM1*IL*1*BULLARD*ROSE****HN*432143793D~DTM*050*20040331~DTM*232*20040119~DTM*233*20040120~CLP*168389C03046E*2*225*31.11**15*04077221880~CAS*OA*23*124.47~CAS*OA*96*69.42~NM1*QC*1*BULLARD*ROSE****MI*242850~NM1*IL*1*BULLARD*ROSE****HN*432143793D~DTM*050*20040331~DTM*232*20040123~DTM*233*20040202~CLP*168389C03046F*2*64*9.55**15*04077221890~CAS*OA*23*38.18~CAS*OA*96*16.27~NM1*QC*1*BULLARD*ROSE****MI*242850~NM1*IL*1*BULLARD*ROSE****HN*432143793D~DTM*050*20040331~DTM*232*20040309~DTM*233*20040309~CLP*168389C0303D2*2*75*10.37**15*04077230180~CAS*OA*23*41.49~CAS*OA*96*23.14~NM1*QC*1*BULLARD*ROSE****MI*242850~NM1*IL*1*BULLARD*ROSE****HN*432143793D~DTM*050*20040331~DTM*232*20040118~DTM*233*20040118~CLP*125512C0303RK*2*659*43.29**15*04077219120~CAS*OA*23*173.17~CAS*OA*96*442.54~NM1*QC*1*BULLOCK*BEATRICE****MI*M75980~NM1*IL*1*BULLOCK*BEATRICE****HN*431361151D~DTM*050*20040331~DTM*232*20040224~DTM*233*20040225~CLP*845132C03033G*2*177*18.43**15*04077227660~CAS*OA*23*73.29~CAS*OA*96*85.28~NM1*QC*1*BURNS*FINIS****MI*V21554~NM1*IL*1*BURNS*FINIS****HN*495369047A~DTM*050*20040331~DTM*232*20040309~DTM*233*20040309~CLP*831756C0303DM*2*388*38.86**15*04077228140~CAS*OA*23*155.4~CAS*OA*96*193.74~NM1*QC*1*BURNS*JEAN*N***MI*L89806~NM1*IL*1*BURNS*JEAN*N***HN*410565022A~DTM*050*20040331~DTM*232*20040308~DTM*233*20040308~CLP*104608C0303FX*2*64*9.55**15*04077230520~CAS*OA*23*38.18~CAS*OA*96*16.27~NM1*QC*1*BUTLER*ANNA*M***MI*N39825~NM1*IL*1*BUTLER*ANNA*M***HN*432742283A~DTM*050*20040331~DTM*232*20040217~DTM*233*20040217~CLP*138243C0304HK*2*233*31.32**15*04077217270~CAS*OA*23*125.3~CAS*OA*96*76.38~NM1*QC*1*CABE*ALVA*O***MI*A24538~NM1*IL*1*CABE*ALVA*O***HN*430103449A~DTM*050*20040331~DTM*232*20040228~DTM*233*20040229~CLP*114270C030440*4*290*9.55**15*04077224800~CAS*OA*23*94.95~CAS*OA*96*242.27~CAS*OA*96*-56.77~NM1*QC*1*CAIN*JUANRTA****MI*V90175~NM1*IL*1*CAIN*JUANRTA****HN*526340417B~DTM*050*20040331~DTM*232*20040227~DTM*233*20040301~CLP*870701C0303E9*2*73*11.69**15*04077230250~CAS*OA*23*46.78~CAS*OA*96*14.53~NM1*QC*1*CALDWELL*MARTHA****MI*Y86706~NM1*IL*1*CALDWELL*MARTHA****HN*432266321A~DTM*050*20040331~DTM*232*20040303~DTM*233*20040303~CLP*830347C0302YX*2*45*6.83**15*04077226310~CAS*OA*23*27.34~CAS*OA*96*10.83~NM1*QC*1*CATHCART*JEWEL*D***MI*A23132~NM1*IL*1*CATHCART*JEWEL*D***HN*430204016A~DTM*050*20040331~DTM*232*20040301~DTM*233*20040301~CLP*108041C030407*2*73*11.69**15*04077224440~CAS*OA*23*46.78~CAS*OA*96*14.53~NM1*QC*1*CHANDLER*FRANCES****MI*W60098~NM1*IL*1*CHANDLER*FRANCES****HN*499206327A~DTM*050*20040331~DTM*232*20040219~DTM*233*20040219~CLP*105984C0303KU*2*314*9.55**15*04077228010~CAS*OA*23*90.28~CAS*OA*96*214.17~NM1*QC*1*CHERRY*ROBERT*N***MI*070866~NM1*IL*1*CHERRY*ROBERT*N***HN*338303395A~DTM*050*20040331~DTM*232*20040309~DTM*233*20040309~CLP*169848C03046L*2*400*47.45**15*04077215820~CAS*OA*23*189.85~CAS*OA*96*162.7~NM1*QC*1*CHESHIER*JUANITA****MI*P30621~NM1*IL*1*CHESHIER*JUANITA****HN*429487592A~DTM*050*20040331~DTM*232*20040214~DTM*233*20040219~CLP*169848C0303D7*2*55*6.29**15*04077228430~CAS*OA*23*25.17~CAS*OA*96*23.54~NM1*QC*1*CHESHIER*JUANITA****MI*P30621~NM1*IL*1*CHESHIER*JUANITA****HN*429487592A~DTM*050*20040331~DTM*232*20040221~DTM*233*20040221~CLP*163600C0303SF*2*641*38.25**15*04077217000~CAS*OA*23*152.98~CAS*OA*96*449.77~NM1*QC*1*CHURCH*WILMA*J***MI*990169868~NM1*IL*1*CHURCH*WILMA*J***HN*429787717W~DTM*050*20040331~DTM*232*20040302~DTM*233*20040302~CLP*163600C0303SG*2*96*15**15*04077217010~CAS*OA*23*60~CAS*OA*96*21~NM1*QC*1*CHURCH*WILMA*J***MI*990169868~NM1*IL*1*CHURCH*WILMA*J***HN*429787717W~DTM*050*20040331~DTM*232*20040309~DTM*233*20040309~CLP*109341C0303RC*2*75*10.37**15*04077222550~CAS*OA*23*41.49~CAS*OA*96*23.14~NM1*QC*1*CLARK*VICTOR*A***MI*C56663~NM1*IL*1*CLARK*VICTOR*A***HN*432520042A~DTM*050*20040331~DTM*232*20040224~DTM*233*20040224~CLP*109341C0304B3*2*75*10.37**15*04077222560~CAS*OA*23*41.49~CAS*OA*96*23.14~NM1*QC*1*CLARK*VICTOR*A***MI*C56663~NM1*IL*1*CLARK*VICTOR*A***HN*432520042A~DTM*050*20040331~DTM*232*20040306~DTM*233*20040306~CLP*109341C0303KW*2*150*20.74**15*04077230380~CAS*OA*23*82.98~CAS*OA*96*46.28~NM1*QC*1*CLARK*VICTOR*A***MI*C56663~NM1*IL*1*CLARK*VICTOR*A***HN*432520042A~DTM*050*20040331~DTM*232*20040228~DTM*233*20040229~CLP*144167C03044W*2*64*9.55**15*04077215030~CAS*OA*23*38.18~CAS*OA*96*16.27~NM1*QC*1*COCKRUM*HAROLD*R***MI*Y49870~NM1*IL*1*COCKRUM*HAROLD*R***HN*429075392A~DTM*050*20040331~DTM*232*20040305~DTM*233*20040305~CLP*153943C0303VQ*2*45*6.83**15*04077216870~CAS*OA*23*27.34~CAS*OA*96*10.83~NM1*QC*1*COKER*TEDDY*C***MI*990072446~NM1*IL*1*COKER*TEDDY*C***HN*429708447A~DTM*050*20040331~DTM*232*20040226~DTM*233*20040226~CLP*149317C0303S0*2*154*21.98**15*04077222090~CAS*OA*23*87.94~CAS*OA*96*44.08~NM1*QC*1*COLLINS*T*A***MI*B71824~NM1*IL*1*COLLINS*T*A***HN*432265236A~DTM*050*20040331~DTM*232*20040303~DTM*233*20040303~CLP*164568C0303MH*2*64*9.55**15*04077221280~CAS*OA*23*38.18~CAS*OA*96*16.27~NM1*QC*1*COOK*BOBBY*D***MI*C22960~NM1*IL*1*COOK*BOBBY*D***HN*431723613A~DTM*050*20040331~DTM*232*20040309~DTM*233*20040309~CLP*163565C0304K3*2*50*7.51**15*04077218050~CAS*OA*23*30.05~CAS*OA*96*12.44~NM1*QC*1*COOK*WILLA*L***MI*C95674~NM1*IL*1*COOK*WILLA*L***HN*430501358A~DTM*050*20040331~DTM*232*20040229~DTM*233*20040229~CLP*842413C0304LM*2*45*6.83**15*04077217510~CAS*OA*23*27.34~CAS*OA*96*10.83~NM1*QC*1*COOPER*LONNIE****MI*M79404~NM1*IL*1*COOPER*LONNIE****HN*430202792A~DTM*050*20040331~DTM*232*20040309~DTM*233*20040309~CLP*95374C0304AV*2*45*6.83**15*04077216590~CAS*OA*23*27.34~CAS*OA*96*10.83~NM1*QC*1*CRAIG*GERALD****MI*U95970~NM1*IL*1*CRAIG*GERALD****HN*429667538A~DTM*050*20040331~DTM*232*20040303~DTM*233*20040303~CLP*94207C0302Y2*2*45*6.83**15*04077227230~CAS*OA*23*27.34~CAS*OA*96*10.83~NM1*QC*1*CRALL*GEORGE*H***MI*Y69861~NM1*IL*1*CRALL*GEORGE*H***HN*432263149A~DTM*050*20040331~DTM*232*20040304~DTM*233*20040304~CLP*171483C03046N*2*611*101.64**15*04077220220~CAS*OA*23*197.52~CAS*OA*96*311.84~NM1*QC*1*CRAWFORD*CECIL****MI*990155261~NM1*IL*1*CRAWFORD*CECIL****HN*431569474A~DTM*050*20040331~DTM*232*20040301~DTM*233*20040301~CLP*157063C1202NC*2*1198*29.44**15*03345274880~CAS*OA*23*117.76~CAS*OA*96*1050.8~NM1*QC*1*CROUCH*BETTY****MI*990153162~NM1*IL*1*CROUCH*BETTY****HN*430681711A~DTM*050*20040330~DTM*232*20031203~DTM*233*20031203~CLP*157063C0303VW*2*814.16*97.35**15*04077218410~CAS*OA*23*389.38~CAS*OA*96*327.43~NM1*QC*1*CROUCH*BETTY*J***MI*990153162~NM1*IL*1*CROUCH*BETTY*J***HN*430681711A~DTM*050*20040331~DTM*232*20040226~DTM*233*20040226~CLP*157063C0303VX*2*814.16*97.35**15*04077218420~CAS*OA*23*389.38~CAS*OA*96*327.43~NM1*QC*1*CROUCH*BETTY*J***MI*990153162~NM1*IL*1*CROUCH*BETTY*J***HN*430681711A~DTM*050*20040331~DTM*232*20040304~DTM*233*20040304~CLP*112323C0303GH*2*30*4.92**15*04077230470~CAS*OA*23*19.7~CAS*OA*96*5.38~NM1*QC*1*CULLUM*SHERMAN****MI*V86908~NM1*IL*1*CULLUM*SHERMAN****HN*432706594A~DTM*050*20040331~DTM*232*20040210~DTM*233*20040217~CLP*170355C0303D9*2*73*11.69**15*04077229590~CAS*OA*23*46.78~CAS*OA*96*14.53~NM1*QC*1*DANLEY*LOIS*K***MI*H48592~NM1*IL*1*DANLEY*LOIS*K***HN*431502754A~DTM*050*20040331~DTM*232*20040303~DTM*233*20040303~CLP*143836C0102UF*2*351*53.67**15*04014286290~CAS*OA*96*297.33~NM1*QC*1*DAVIS*LAURA****MI*990160372~NM1*IL*1*DAVIS*LAURA****HN*432523864B~DTM*050*20040329~DTM*232*20040106~DTM*233*20040106~CLP*143836C0102UG*2*64*46.61**15*04014286300~CAS*OA*96*17.39~NM1*QC*1*DAVIS*LAURA****MI*990160372~NM1*IL*1*DAVIS*LAURA****HN*432523864B~DTM*050*20040329~DTM*232*20040106~DTM*233*20040106~CLP*150302C030458*2*64*9.55**15*04077214710~CAS*OA*23*38.18~CAS*OA*96*16.27~NM1*QC*1*DAWSON*JAMES*D***MI*684748~NM1*IL*1*DAWSON*JAMES*D***HN*424368983A~DTM*050*20040331~DTM*232*20040227~DTM*233*20040227~CLP*150302C030459*2*180*13.12**15*04077214720~CAS*OA*23*52.48~CAS*OA*96*114.4~NM1*QC*1*DAWSON*JAMES*D***MI*684748~NM1*IL*1*DAWSON*JAMES*D***HN*424368983A~DTM*050*20040331~DTM*232*20040301~DTM*233*20040301~CLP*150302C0304HV*2*233*31.32**15*04077214730~CAS*OA*23*125.3~CAS*OA*96*76.38~NM1*QC*1*DAWSON*JAMES*D***MI*684748~NM1*IL*1*DAWSON*JAMES*D***HN*424368983A~DTM*050*20040331~DTM*232*20040228~DTM*233*20040229~CLP*174046C0303QM*2*641*103.18**15*04077216920~CAS*OA*23*88.05~CAS*OA*96*449.77~NM1*QC*1*DECLERK*BERNARD*J***MI*990066643~NM1*IL*1*DECLERK*BERNARD*J***HN*429748256A~DTM*050*20040331~DTM*232*20040225~DTM*233*20040225~CLP*845489C030472*2*150*20.74**15*04077221740~CAS*OA*23*82.98~CAS*OA*96*46.28~NM1*QC*1*DEDMON*PAUL*A***MI*M14284~NM1*IL*1*DEDMON*PAUL*A***HN*432120899A~DTM*050*20040331~DTM*232*20040214~DTM*233*20040215~CLP*845489C030490*2*158*20.95**15*04077221750~CAS*OA*23*83.81~CAS*OA*96*53.24~NM1*QC*1*DEDMON*PAUL*A***MI*M14284~NM1*IL*1*DEDMON*PAUL*A***HN*432120899A~DTM*050*20040331~DTM*232*20040213~DTM*233*20040213~CLP*843169C0302ZG*2*82*9.55**15*04077225830~CAS*OA*23*42.61~CAS*OA*96*29.84~NM1*QC*1*DELBRIDGE*MAMIE****MI*B33687~NM1*IL*1*DELBRIDGE*MAMIE****HN*386245687A~DTM*050*20040331~DTM*232*20040303~DTM*233*20040303~CLP*97370C0303ZV*2*64*9.55**15*04077224360~CAS*OA*23*38.18~CAS*OA*96*16.27~NM1*QC*1*DELURYEA*LEROY*R***MI*Y15036~NM1*IL*1*DELURYEA*LEROY*R***HN*498101413A~DTM*050*20040331~DTM*232*20040227~DTM*233*20040227~CLP*842971C0302ZE*2*45*6.83**15*04077227050~CAS*OA*23*27.34~CAS*OA*96*10.83~NM1*QC*1*DESPAIN*SHELBA*J***MI*990075501~NM1*IL*1*DESPAIN*SHELBA*J***HN*431641677A~DTM*050*20040331~DTM*232*20040302~DTM*233*20040302~CLP*109572C0303KY*2*191*78.49**15*04077231180~CAS*OA*23*22.49~CAS*OA*96*90.02~NM1*QC*1*DOOLEY*VIVIAN*J***MI*N77523~NM1*IL*1*DOOLEY*VIVIAN*J***HN*429267480D6~DTM*050*20040331~DTM*232*20040227~DTM*233*20040227~CLP*109572C0303KZ*2*135*31.78**15*04077231190~CAS*OA*23*44.22~CAS*OA*96*59~NM1*QC*1*DOOLEY*VIVIAN*J***MI*N77523~NM1*IL*1*DOOLEY*VIVIAN*J***HN*429267480D6~DTM*050*20040331~DTM*232*20040303~DTM*233*20040303~CLP*145153C03047T*2*158*20.95**15*04077220890~CAS*OA*23*83.81~CAS*OA*96*53.24~NM1*QC*1*DUBUS*GLADYS****MI*190569~NM1*IL*1*DUBUS*GLADYS****HN*431663153A~DTM*050*20040331~DTM*232*20040224~DTM*233*20040224~CLP*133435C0304BH*2*64*9.55**15*04077215310~CAS*OA*23*38.18~CAS*OA*96*16.27~NM1*QC*1*DUNN*CHARLES*F***MI*Y24015~NM1*IL*1*DUNN*CHARLES*F***HN*429288676A~DTM*050*20040331~DTM*232*20040308~DTM*233*20040308~CLP*845356C0302ZU*2*45*6.83**15*04077226910~CAS*OA*23*27.34~CAS*OA*96*10.83~NM1*QC*1*DUNN*DONALD*G***MI*M75598~NM1*IL*1*DUNN*DONALD*G***HN*431545579A~DTM*050*20040331~DTM*232*20040308~DTM*233*20040308~CLP*165101C0304C4*4*148*9.55**15*04077215320~CAS*OA*23*62.7~CAS*OA*96*100.27~CAS*OA*96*-24.52~NM1*QC*1*DUNN*EVA*W***MI*V48588~NM1*IL*1*DUNN*EVA*W***HN*429288676B~DTM*050*20040331~DTM*232*20040227~DTM*233*20040308~CLP*874093C030476*2*332*47.73**15*04077214810~CAS*OA*23*24.24~CAS*OA*96*260.03~NM1*QC*1*EDWARDS*ALLEN*H***MI*V77155~NM1*IL*1*EDWARDS*ALLEN*H***HN*426620218A~DTM*050*20040331~DTM*232*20040301~DTM*233*20040301~CLP*170271C0303D8*2*73*11.69**15*04077229290~CAS*OA*23*46.78~CAS*OA*96*14.53~NM1*QC*1*EDWARDS*EITHEL*M***MI*N00462~NM1*IL*1*EDWARDS*EITHEL*M***HN*430722004A~DTM*050*20040331~DTM*232*20040225~DTM*233*20040225~CLP*126047C0304BE*2*150*20.74**15*04077222140~CAS*OA*23*82.98~CAS*OA*96*46.28~NM1*QC*1*ELLIS*JOHN*W***MI*P34100~NM1*IL*1*ELLIS*JOHN*W***HN*432266941A~DTM*050*20040331~DTM*232*20040214~DTM*233*20040215~CLP*168958C0303SQ*2*180*23.49**15*04077224120~CAS*OA*23*93.97~CAS*OA*96*62.54~NM1*QC*1*ELLIS*LOREATA*M***MI*B48967~NM1*IL*1*ELLIS*LOREATA*M***HN*493365422A~DTM*050*20040331~DTM*232*20040219~DTM*233*20040220~CLP*143677C0303RW*2*641*38.25**15*04077223370~CAS*OA*23*152.98~CAS*OA*96*449.77~NM1*QC*1*ENNS*ALVINA*R***MI*T14531~NM1*IL*1*ENNS*ALVINA*R***HN*443188161D~DTM*050*20040331~DTM*232*20040225~DTM*233*20040225~CLP*166811C0303OM*2*641*88.58**15*04077217980~CAS*OA*23*354.35~CAS*OA*96*198.07~NM1*QC*1*EVANS*OUIDA*C***MI*Y64838~NM1*IL*1*EVANS*OUIDA*C***HN*430485938A~DTM*050*20040331~DTM*232*20040212~DTM*233*20040218~CLP*845088C03033F*2*64*9.55**15*04077226090~CAS*OA*23*38.18~CAS*OA*96*16.27~NM1*QC*1*EVANS*WILMA****MI*Y59012~NM1*IL*1*EVANS*WILMA****HN*429489143A~DTM*050*20040331~DTM*232*20040303~DTM*233*20040303~CLP*95054C0303KG*2*430*60.37**15*04077231030~CAS*OA*23*241.48~CAS*OA*96*128.15~NM1*QC*1*FARLEY*LOUISE****MI*Y19370~NM1*IL*1*FARLEY*LOUISE****HN*551327690D~DTM*050*20040331~DTM*232*20040216~DTM*233*20040219~CLP*115963C0303U5*2*96*15**15*04077220570~CAS*OA*23*60~CAS*OA*96*21~NM1*QC*1*FARRIS*FORRESTIN****MI*N43115~NM1*IL*1*FARRIS*FORRESTIN****HN*431604255D~DTM*050*20040331~DTM*232*20040224~DTM*233*20040224~CLP*89698C0302XR*2*439.5*9.9*100*15*04077227140~CAS*PR*96*100~CAS*OA*23*67.42~CAS*OA*96*262.18~NM1*QC*1*FAULKENBROUG*LUCY****MI*679872~NM1*IL*1*FAULKENBROUG*LUCY****HN*432049283A~DTM*050*20040331~DTM*232*20040305~DTM*233*20040309~CLP*127119C0304BF*2*1246*53.1**15*04077224670~CAS*OA*23*212.4~CAS*OA*96*980.5~NM1*QC*1*FEESER*BARBARA*E***MI*U03909~NM1*IL*1*FEESER*BARBARA*E***HN*501486153A~DTM*050*20040331~DTM*232*20040227~DTM*233*20040227~CLP*871872C0205LX*2*806.75*84.67**15*04042299920~CAS*OA*23*338.68~CAS*OA*96*383.4~NM1*QC*1*FEEZOR*MARY****MI*Y76405~NM1*IL*1*FEEZOR*MARY****HN*429381112A~DTM*050*20040331~DTM*232*20040202~DTM*233*20040202~CLP*88722C0303JX*2*303*75**15*04077230610~CAS*OA*23*32.52~CAS*OA*96*195.48~NM1*QC*1*FENNER*CAROL****MI*L50256~NM1*IL*1*FENNER*CAROL****HN*432900317A~DTM*050*20040331~DTM*232*20040301~DTM*233*20040305~CLP*166911C0303X5*2*64*9.55**15*04077220160~CAS*OA*23*38.18~CAS*OA*96*16.27~NM1*QC*1*FERRELL*LEOMA****MI*U04741~NM1*IL*1*FERRELL*LEOMA****HN*431565447A~DTM*050*20040331~DTM*232*20040301~DTM*233*20040301~CLP*114506C0303GJ*2*87*7.65**15*04077230510~CAS*OA*23*30.62~CAS*OA*96*48.73~NM1*QC*1*FITZGERALD*GERTRUDE*J***MI*L34772~NM1*IL*1*FITZGERALD*GERTRUDE*J***HN*432723923A~DTM*050*20040331~DTM*232*20040209~DTM*233*20040209~CLP*841950C0302Z5*2*268*6.83**15*04077226560~CAS*OA*23*100.24~CAS*OA*96*160.93~NM1*QC*1*FORD*JERRY*L***MI*A31802~NM1*IL*1*FORD*JERRY*L***HN*430762831A~DTM*050*20040331~DTM*232*20040301~DTM*233*20040303~CLP*173757C03046U*2*811*78.76**15*04077214350~CAS*OA*23*315.01~CAS*OA*96*417.23~NM1*QC*1*FREDERICK*DAVID*E***MI*990133493~NM1*IL*1*FREDERICK*DAVID*E***HN*401424867A~DTM*050*20040331~DTM*232*20040301~DTM*233*20040301~CLP*877836C0303F4*2*64*9.55**15*04077229830~CAS*OA*23*38.18~CAS*OA*96*16.27~NM1*QC*1*FREEZE*GREG****MI*U99239~NM1*IL*1*FREEZE*GREG****HN*431626841A~DTM*050*20040331~DTM*232*20040302~DTM*233*20040302~CLP*89749C0304H6*2*158*20.95**15*04077214930~CAS*OA*23*83.81~CAS*OA*96*53.24~NM1*QC*1*FREEZE*HELEN*E***MI*B75995~NM1*IL*1*FREEZE*HELEN*E***HN*429015475D~DTM*050*20040331~DTM*232*20040229~DTM*233*20040229~CLP*89749C03030R*2*105*13.12**15*04077225900~CAS*OA*23*52.48~CAS*OA*96*39.4~NM1*QC*1*FREEZE*HELEN*E***MI*B75995~NM1*IL*1*FREEZE*HELEN*E***HN*429015475D~DTM*050*20040331~DTM*232*20040301~DTM*233*20040301~CLP*127904C0303NO*2*154*21.98**15*04077214250~CAS*OA*23*87.94~CAS*OA*96*44.08~NM1*QC*1*FRENCH*EUGENE****MI*F78307~NM1*IL*1*FRENCH*EUGENE****HN*383200520A~DTM*050*20040331~DTM*232*20040219~DTM*233*20040219~CLP*830293C0302YW*2*45*6.83**15*04077227780~CAS*OA*23*27.34~CAS*OA*96*10.83~NM1*QC*1*FULKS*WANDA*W***MI*990106717~NM1*IL*1*FULKS*WANDA*W***HN*520304426A~DTM*050*20040331~DTM*232*20040304~DTM*233*20040304~CLP*125535C03040F*2*520*55.97**15*04077215770~CAS*OA*23*223.88~CAS*OA*96*240.15~NM1*QC*1*GAHR*MARVIN****MI*V20832~NM1*IL*1*GAHR*MARVIN****HN*429486383A~DTM*050*20040331~DTM*232*20040207~DTM*233*20040222~CLP*125535C030448*2*150*20.74**15*04077215780~CAS*OA*23*82.98~CAS*OA*96*46.28~NM1*QC*1*GAHR*MARVIN****MI*V20832~NM1*IL*1*GAHR*MARVIN****HN*429486383A~DTM*050*20040331~DTM*232*20040214~DTM*233*20040215~CLP*125535C03047K*2*75*10.37**15*04077215790~CAS*OA*23*41.49~CAS*OA*96*23.14~NM1*QC*1*GAHR*MARVIN****MI*V20832~NM1*IL*1*GAHR*MARVIN****HN*429486383A~DTM*050*20040331~DTM*232*20040207~DTM*233*20040207~CLP*125535C03031N*2*1294*182.88**15*04077226070~CAS*OA*23*731.54~CAS*OA*96*379.58~NM1*QC*1*GAHR*MARVIN****MI*V20832~NM1*IL*1*GAHR*MARVIN****HN*429486383A~DTM*050*20040331~DTM*232*20040209~DTM*233*20040226~CLP*125535C0303IK*2*934*124.28**15*04077228420~CAS*OA*23*497.15~CAS*OA*96*312.57~NM1*QC*1*GAHR*MARVIN****MI*V20832~NM1*IL*1*GAHR*MARVIN****HN*429486383A~DTM*050*20040331~DTM*232*20040218~DTM*233*20040226~CLP*850942C030303*2*133*6.83**15*04077227500~CAS*OA*23*51.07~CAS*OA*96*75.1~NM1*QC*1*GAMBLIN*DEALVA****MI*M89961~NM1*IL*1*GAMBLIN*DEALVA****HN*453265728B~DTM*050*20040331~DTM*232*20040308~DTM*233*20040308~CLP*169261C0303XU*2*45*6.83**15*04077216450~CAS*OA*23*27.34~CAS*OA*96*10.83~NM1*QC*1*GAMMILL*BETTY*L***MI*L17107~NM1*IL*1*GAMMILL*BETTY*L***HN*429609828A~DTM*050*20040331~DTM*232*20040303~DTM*233*20040303~CLP*166914C0303SN*2*499*25.08**15*04077221030~CAS*OA*23*100.32~CAS*OA*96*373.6~NM1*QC*1*GARIS*NOVA*L***MI*Y57523~NM1*IL*1*GARIS*NOVA*L***HN*431667492A~DTM*050*20040331~DTM*232*20040302~DTM*233*20040302~CLP*166914C0303D0*2*73*11.69**15*04077229940~CAS*OA*23*46.78~CAS*OA*96*14.53~NM1*QC*1*GARIS*NOVA*L***MI*Y57523~NM1*IL*1*GARIS*NOVA*L***HN*431667492A~DTM*050*20040331~DTM*232*20040303~DTM*233*20040303~CLP*173952C0208YQ*2*741*67.69**15*04056328180~CAS*OA*23*170.77~CAS*OA*96*502.54~NM1*QC*1*GENTRY*ALLISON****MI*F92227~NM1*IL*1*GENTRY*ALLISON****HN*432487979D~DTM*050*20040331~DTM*232*20040218~DTM*233*20040218~CLP*172496C03048J*2*158*20.95**15*04077223870~CAS*OA*23*83.81~CAS*OA*96*53.24~NM1*QC*1*GIBSON*LOIS****MI*T15257~NM1*IL*1*GIBSON*LOIS****HN*489220310D~DTM*050*20040331~DTM*232*20040229~DTM*233*20040229~CLP*172496C0304I8*2*330*44.24**15*04077223880~CAS*OA*23*176.94~CAS*OA*96*108.82~NM1*QC*1*GIBSON*LOIS****MI*T15257~NM1*IL*1*GIBSON*LOIS****HN*489220310D~DTM*050*20040331~DTM*232*20040301~DTM*233*20040304~CLP*112352C0303RD*2*641*38.25**15*04077223960~CAS*OA*23*152.98~CAS*OA*96*449.77~NM1*QC*1*GIPSON*ARTHUR*R***MI*Y47697~NM1*IL*1*GIPSON*ARTHUR*R***HN*490227242A~DTM*050*20040331~DTM*232*20040303~DTM*233*20040303~CLP*108067C0304DY*2*64*9.55**15*04077222160~CAS*OA*23*38.18~CAS*OA*96*16.27~NM1*QC*1*GLENN*PAULINE****MI*M10843~NM1*IL*1*GLENN*PAULINE****HN*432301004A~DTM*050*20040331~DTM*232*20040309~DTM*233*20040309~CLP*142883C0302YR*2*171*34.17**15*04077226920~CAS*OA*23*37.73~CAS*OA*96*99.1~NM1*QC*1*GOODMAN*JEAN*M***MI*C28419~NM1*IL*1*GOODMAN*JEAN*M***HN*431547548A~DTM*050*20040331~DTM*232*20040301~DTM*233*20040301~CLP*152766C0303M9*2*825*114.09**15*04077215610~CAS*OA*23*456.37~CAS*OA*96*254.54~NM1*QC*1*GOODMAN*MARY*L***MI*424690~NM1*IL*1*GOODMAN*MARY*L***HN*429389042A~DTM*050*20040331~DTM*232*20040207~DTM*233*20040219~CLP*152766C0303MB*2*242*33.9**15*04077215630~CAS*OA*23*135.64~CAS*OA*96*72.46~NM1*QC*1*GOODMAN*MARY*L***MI*424690~NM1*IL*1*GOODMAN*MARY*L***HN*429389042A~DTM*050*20040331~DTM*232*20040304~DTM*233*20040305~CLP*152766C03041T*2*150*20.74**15*04077215640~CAS*OA*23*82.98~CAS*OA*96*46.28~NM1*QC*1*GOODMAN*MARY*L***MI*424690~NM1*IL*1*GOODMAN*MARY*L***HN*429389042A~DTM*050*20040331~DTM*232*20040221~DTM*233*20040222~CLP*152766C03045H*2*150*20.74**15*04077215650~CAS*OA*23*82.98~CAS*OA*96*46.28~NM1*QC*1*GOODMAN*MARY*L***MI*424690~NM1*IL*1*GOODMAN*MARY*L***HN*429389042A~DTM*050*20040331~DTM*232*20040214~DTM*233*20040215~CLP*152766C030481*2*75*10.37**15*04077215660~CAS*OA*23*41.49~CAS*OA*96*23.14~NM1*QC*1*GOODMAN*MARY*L***MI*424690~NM1*IL*1*GOODMAN*MARY*L***HN*429389042A~DTM*050*20040331~DTM*232*20040223~DTM*233*20040223~CLP*152766C0303C5*2*205*29.25**15*04077228390~CAS*OA*23*117.02~CAS*OA*96*58.73~NM1*QC*1*GOODMAN*MARY*L***MI*424690~NM1*IL*1*GOODMAN*MARY*L***HN*429389042A~DTM*050*20040331~DTM*232*20040206~DTM*233*20040206~CLP*143146C03044U*2*236*47.73**15*04077213430~CAS*OA*23*52.3~CAS*OA*96*135.97~NM1*QC*1*GRAMLING*CLARA****MI*990123622~NM1*IL*1*GRAMLING*CLARA****HN*339306254A~DTM*050*20040331~DTM*232*20040305~DTM*233*20040305~CLP*173469C0303OZ*2*185*22.95**15*04077217030~CAS*OA*23*91.83~CAS*OA*96*70.22~NM1*QC*1*GREGG*MAXINE****MI*V73950~NM1*IL*1*GREGG*MAXINE****HN*429788858A~DTM*050*20040331~DTM*232*20040213~DTM*233*20040215~CLP*173469C03048O*2*160*18.21**15*04077217040~CAS*OA*23*72.85~CAS*OA*96*68.94~NM1*QC*1*GREGG*MAXINE****MI*V73950~NM1*IL*1*GREGG*MAXINE****HN*429788858A~DTM*050*20040331~DTM*232*20040202~DTM*233*20040202~CLP*173469C03048P*2*150*20.74**15*04077217050~CAS*OA*23*82.98~CAS*OA*96*46.28~NM1*QC*1*GREGG*MAXINE****MI*V73950~NM1*IL*1*GREGG*MAXINE****HN*429788858A~DTM*050*20040331~DTM*232*20040204~DTM*233*20040206~CLP*173469C0303JE*2*246*32.64**15*04077228780~CAS*OA*23*130.59~CAS*OA*96*82.77~NM1*QC*1*GREGG*MAXINE****MI*V73950~NM1*IL*1*GREGG*MAXINE****HN*429788858A~DTM*050*20040331~DTM*232*20040212~DTM*233*20040216~CLP*92329C0303TT*2*96*15**15*04077221770~CAS*OA*23*60~CAS*OA*96*21~NM1*QC*1*GRIFFIN*CHARLIE*R***MI*B99194~NM1*IL*1*GRIFFIN*CHARLIE*R***HN*432126088A~DTM*050*20040331~DTM*232*20040302~DTM*233*20040302~CLP*96231C0306NO*2*64*47.73**15*04084263500~CAS*OA*96*16.27~NM1*QC*1*GRIFFIN*MYRNA*S***MI*990089428~NM1*IL*1*GRIFFIN*MYRNA*S***HN*413484650D~DTM*050*20040331~DTM*232*20040301~DTM*233*20040301~CLP*148665C0303IT*2*150*20.74**15*04077229770~CAS*OA*23*82.98~CAS*OA*96*46.28~NM1*QC*1*GRIFFIN*VICK****MI*Y24016~NM1*IL*1*GRIFFIN*VICK****HN*431583857D~DTM*050*20040331~DTM*232*20040219~DTM*233*20040220~CLP*121042C0302YL*2*133*34.17**15*04077226520~CAS*OA*23*23.73~CAS*OA*96*75.1~NM1*QC*1*GRIMES*LAVADA****MI*E53844~NM1*IL*1*GRIMES*LAVADA****HN*430680910D~DTM*050*20040331~DTM*232*20040301~DTM*233*20040301~CLP*89912C0302XT*2*88*9.55**15*04077227200~CAS*OA*23*46.67~CAS*OA*96*31.78~NM1*QC*1*GRIMES*MONTE*F***MI*B91129~NM1*IL*1*GRIMES*MONTE*F***HN*432224956A~DTM*050*20040331~DTM*232*20040227~DTM*233*20040227~CLP*89912C0302XU*2*180*23.49**15*04077227210~CAS*OA*23*93.97~CAS*OA*96*62.54~NM1*QC*1*GRIMES*MONTE*F***MI*B91129~NM1*IL*1*GRIMES*MONTE*F***HN*432224956A~DTM*050*20040331~DTM*232*20040223~DTM*233*20040224~CLP*94238C0304H8*2*158*20.95**15*04077222100~CAS*OA*23*83.81~CAS*OA*96*53.24~NM1*QC*1*GRISSOM*FRANCES*L***MI*Y29465~NM1*IL*1*GRISSOM*FRANCES*L***HN*432265615B~DTM*050*20040331~DTM*232*20040229~DTM*233*20040229~CLP*124431C0303GW*2*124*47.29**15*04077227890~CAS*OA*23*23.98~CAS*OA*96*52.73~NM1*QC*1*GUNTER*PRISCILLA****MI*L96948~NM1*IL*1*GUNTER*PRISCILLA****HN*007304910A~DTM*050*20040331~DTM*232*20040211~DTM*233*20040211~CLP*87740C0304LE*2*64*9.55**15*04077216600~CAS*OA*23*38.18~CAS*OA*96*16.27~NM1*QC*1*HAINES*MARY****MI*V68626~NM1*IL*1*HAINES*MARY****HN*429668317A~DTM*050*20040331~DTM*232*20040302~DTM*233*20040302~CLP*87694C03030E*2*180*20.28**15*04077226950~CAS*OA*23*81.12~CAS*OA*96*78.6~NM1*QC*1*HALEY*JR****MI*V38279~NM1*IL*1*HALEY*JR****HN*431580849A~DTM*050*20040331~DTM*232*20040301~DTM*233*20040301~CLP*134921C0303NU*2*110*12.98**15*04077219090~CAS*OA*23*51.95~CAS*OA*96*45.07~NM1*QC*1*HALL*CHARLES*C***MI*B72341~NM1*IL*1*HALL*CHARLES*C***HN*431285934A~DTM*050*20040331~DTM*232*20040308~DTM*233*20040308~CLP*166421C0304A9*2*64*9.55**15*04077216880~CAS*OA*23*38.18~CAS*OA*96*16.27~NM1*QC*1*HALL*PAULINE****MI*L05842~NM1*IL*1*HALL*PAULINE****HN*429709516D~DTM*050*20040331~DTM*232*20040217~DTM*233*20040217~CLP*128100C0303PT*2*641*38.25**15*04077215540~CAS*OA*23*152.98~CAS*OA*96*449.77~NM1*QC*1*HAMRICK*PAULINE*J***MI*L84780~NM1*IL*1*HAMRICK*PAULINE*J***HN*429367210D~DTM*050*20040331~DTM*232*20040301~DTM*233*20040301~CLP*830352C0302YY*2*45*6.83**15*04077226960~CAS*OA*23*27.34~CAS*OA*96*10.83~NM1*QC*1*HANNAH*EVANS****MI*990164935~NM1*IL*1*HANNAH*EVANS****HN*431582313D~DTM*050*20040331~DTM*232*20040304~DTM*233*20040304~CLP*871417C0304IL*2*179*25.11**15*04077220730~CAS*OA*23*100.45~CAS*OA*96*53.44~NM1*QC*1*HANNER*EMMA*L***MI*B56141~NM1*IL*1*HANNER*EMMA*L***HN*431627769A~DTM*050*20040331~DTM*232*20040214~DTM*233*20040215~CLP*871417C0303EB*2*105*13.12**15*04077229860~CAS*OA*23*52.48~CAS*OA*96*39.4~NM1*QC*1*HANNER*EMMA*L***MI*B56141~NM1*IL*1*HANNER*EMMA*L***HN*431627769A~DTM*050*20040331~DTM*232*20040217~DTM*233*20040217~CLP*103864C0303R9*2*817*95.54**15*04077218310~CAS*OA*23*173.07~CAS*OA*96*548.39~NM1*QC*1*HARDIN*CHARLSIE****MI*C48217~NM1*IL*1*HARDIN*CHARLSIE****HN*430641579A~DTM*050*20040331~DTM*232*20040226~DTM*233*20040226~CLP*127429C03049I*2*64*9.55**15*04077216500~CAS*OA*23*38.18~CAS*OA*96*16.27~NM1*QC*1*HARRIS*GERALDINE****MI*V76748~NM1*IL*1*HARRIS*GERALDINE****HN*429641312A~DTM*050*20040331~DTM*232*20040213~DTM*233*20040213~CLP*114362C0303RH*2*641*38.25**15*04077225180~CAS*OA*23*152.98~CAS*OA*96*449.77~NM1*QC*1*HARRIS*MAUDIE*C***MI*P91332~NM1*IL*1*HARRIS*MAUDIE*C***HN*312012951D4~DTM*050*20040331~DTM*232*20040303~DTM*233*20040303~CLP*845677C0302ZW*2*160*13.9**15*04077227510~CAS*OA*23*60.03~CAS*OA*96*86.07~NM1*QC*1*HARRISON*GLADYS****MI*E46134~NM1*IL*1*HARRISON*GLADYS****HN*463287849A~DTM*050*20040331~DTM*232*20040227~DTM*233*20040227~CLP*846621C0303QS*2*817*53.72**15*04077216100~CAS*OA*23*214.89~CAS*OA*96*548.39~NM1*QC*1*HAWKINS*JAMES*T***MI*V93193~NM1*IL*1*HAWKINS*JAMES*T***HN*429546361A~DTM*050*20040331~DTM*232*20040227~DTM*233*20040227~CLP*846621C03033M*2*175*9.55**15*04077226120~CAS*OA*23*72.77~CAS*OA*96*92.68~NM1*QC*1*HAWKINS*JAMES*T***MI*V93193~NM1*IL*1*HAWKINS*JAMES*T***HN*429546361A~DTM*050*20040331~DTM*232*20040304~DTM*233*20040304~CLP*154591C0303VT*2*64*9.55**15*04077218260~CAS*OA*23*38.18~CAS*OA*96*16.27~NM1*QC*1*HAWKINS*MARY****MI*V67268~NM1*IL*1*HAWKINS*MARY****HN*430566181B~DTM*050*20040331~DTM*232*20040223~DTM*233*20040223~CLP*844006C0303QQ*2*641*38.25**15*04077222940~CAS*OA*23*152.98~CAS*OA*96*449.77~NM1*QC*1*HAYES*MERYL****MI*F80728~NM1*IL*1*HAYES*MERYL****HN*432741571A~DTM*050*20040331~DTM*232*20040220~DTM*233*20040220~CLP*844006C030337*2*91*9.55**15*04077227410~CAS*OA*23*52.04~CAS*OA*96*29.41~NM1*QC*1*HAYES*MERYL****MI*F80728~NM1*IL*1*HAYES*MERYL****HN*432741571A~DTM*050*20040331~DTM*232*20040301~DTM*233*20040301~CLP*844006C030338*2*384*54.36**15*04077227420~CAS*OA*23*217.47~CAS*OA*96*112.17~NM1*QC*1*HAYES*MERYL****MI*F80728~NM1*IL*1*HAYES*MERYL****HN*432741571A~DTM*050*20040331~DTM*232*20040218~DTM*233*20040220~CLP*844068C0302ZN*2*148.5*6.83**15*04077226650~CAS*OA*23*41.76~CAS*OA*96*99.91~NM1*QC*1*HENDRIX*FLORENCE*E***MI*H83247~NM1*IL*1*HENDRIX*FLORENCE*E***HN*431071377D~DTM*050*20040331~DTM*232*20040309~DTM*233*20040309~CLP*102447C0304KB*2*64*9.55**15*04077222300~CAS*OA*23*38.18~CAS*OA*96*16.27~NM1*QC*1*HICKS*FREDA****MI*H64885~NM1*IL*1*HICKS*FREDA****HN*432404362A~DTM*050*20040331~DTM*232*20040227~DTM*233*20040227~CLP*173740C0303SX*2*499*25.08**15*04077218210~CAS*OA*23*100.32~CAS*OA*96*373.6~NM1*QC*1*HIGGINBOTHAM*JACK****MI*C61534~NM1*IL*1*HIGGINBOTHAM*JACK****HN*430565439A~DTM*050*20040331~DTM*232*20040223~DTM*233*20040223~CLP*845989C03033L*2*226.5*47.73**15*04077227000~CAS*OA*23*35.48~CAS*OA*96*143.29~NM1*QC*1*HIGHFILL*SELMA*A***MI*010234~NM1*IL*1*HIGHFILL*SELMA*A***HN*431600073D~DTM*050*20040331~DTM*232*20040304~DTM*233*20040304~CLP*843555C0302ZL*2*110*12.98**15*04077227680~CAS*OA*23*51.95~CAS*OA*96*45.07~NM1*QC*1*HILL*VIOLA*N***MI*N75588~NM1*IL*1*HILL*VIOLA*N***HN*496160863A~DTM*050*20040331~DTM*232*20040227~DTM*233*20040227~CLP*96528C0303KH*2*323.31*105.73**15*04077229120~CAS*OA*23*74.79~CAS*OA*96*142.79~NM1*QC*1*HODGE*BILLY****MI*U99301~NM1*IL*1*HODGE*BILLY****HN*430500809A~DTM*050*20040331~DTM*232*20040302~DTM*233*20040302~CLP*172063C0304AE*2*205*29.25**15*04077213140~CAS*OA*23*117.02~CAS*OA*96*58.73~NM1*QC*1*HORN*PHILLIP*R***MI*G20085~NM1*IL*1*HORN*PHILLIP*R***HN*301184958A~DTM*050*20040331~DTM*232*20040218~DTM*233*20040218~CLP*172063C0304AF*2*55*6.29**15*04077213150~CAS*OA*23*25.17~CAS*OA*96*23.54~NM1*QC*1*HORN*PHILLIP*R***MI*G20085~NM1*IL*1*HORN*PHILLIP*R***HN*301184958A~DTM*050*20040331~DTM*232*20040228~DTM*233*20040228~CLP*174028C0303QL*2*518*53.21**15*04077214460~CAS*OA*23*97.21~CAS*OA*96*367.58~NM1*QC*1*HORNER*JOYCE****MI*V95365~NM1*IL*1*HORNER*JOYCE****HN*409422515D~DTM*050*20040331~DTM*232*20040224~DTM*233*20040224~CLP*170141C03032N*2*73*44.92**15*04077227650~CAS*OA*23*13.55~CAS*OA*96*14.53~NM1*QC*1*HULL*RUBY*L***MI*T17470~NM1*IL*1*HULL*RUBY*L***HN*491120031D~DTM*050*20040331~DTM*232*20040225~DTM*233*20040225~CLP*851242C0304DL*2*535*70.07**15*04077219460~CAS*OA*23*280.29~CAS*OA*96*184.64~NM1*QC*1*HURST*WILLIAM*L***MI*C96494~NM1*IL*1*HURST*WILLIAM*L***HN*431429926A~DTM*050*20040331~DTM*232*20040223~DTM*233*20040301~CLP*873132C0303ZC*2*26*3.77**15*04077222510~CAS*OA*23*15.06~CAS*OA*96*7.17~NM1*QC*1*HUTSON*A*L***MI*073693~NM1*IL*1*HUTSON*A*L***HN*432483931A~DTM*050*20040331~DTM*232*20040302~DTM*233*20040302~CLP*873132C0303ZD*2*1202.76*139.44**15*04077222520~CAS*OA*23*557.76~CAS*OA*96*505.56~NM1*QC*1*HUTSON*A*L***MI*073693~NM1*IL*1*HUTSON*A*L***HN*432483931A~DTM*050*20040331~DTM*232*20040302~DTM*233*20040302~CLP*93007C0304AR*2*385*49.33**15*04077220700~CAS*OA*23*197.31~CAS*OA*96*138.36~NM1*QC*1*INNESS*PEARL*M***MI*Y46322~NM1*IL*1*INNESS*PEARL*M***HN*431606856A~DTM*050*20040331~DTM*232*20040124~DTM*233*20040127~CLP*93007C0304AS*2*535*70.06**15*04077220710~CAS*OA*23*280.3~CAS*OA*96*184.64~NM1*QC*1*INNESS*PEARL*M***MI*Y46322~NM1*IL*1*INNESS*PEARL*M***HN*431606856A~DTM*050*20040331~DTM*232*20040129~DTM*233*20040212~CLP*173782C0303JF*2*475*33.27**15*04077228030~CAS*OA*23*133.09~CAS*OA*96*308.64~NM1*QC*1*JAMES*ALYCE****MI*U82646~NM1*IL*1*JAMES*ALYCE****HN*360285223A~DTM*050*20040331~DTM*232*20040219~DTM*233*20040219~CLP*170125C0303XY*2*205*29.25**15*04077220910~CAS*OA*23*117.02~CAS*OA*96*58.73~NM1*QC*1*JEAN*BOBBIE****MI*U77107~NM1*IL*1*JEAN*BOBBIE****HN*431664076A~DTM*050*20040331~DTM*232*20040301~DTM*233*20040301~CLP*170125C0303XZ*2*105*13.12**15*04077220920~CAS*OA*23*52.48~CAS*OA*96*39.4~NM1*QC*1*JEAN*BOBBIE****MI*U77107~NM1*IL*1*JEAN*BOBBIE****HN*431664076A~DTM*050*20040331~DTM*232*20040302~DTM*233*20040302~CLP*170125C0303Y2*2*64*9.55**15*04077220950~CAS*OA*23*38.18~CAS*OA*96*16.27~NM1*QC*1*JEAN*BOBBIE****MI*U77107~NM1*IL*1*JEAN*BOBBIE****HN*431664076A~DTM*050*20040331~DTM*232*20040304~DTM*233*20040304~CLP*170125C0303Y3*2*469.02*53.47**15*04077220960~CAS*OA*23*213.86~CAS*OA*96*201.69~NM1*QC*1*JEAN*BOBBIE****MI*U77107~NM1*IL*1*JEAN*BOBBIE****HN*431664076A~DTM*050*20040331~DTM*232*20040304~DTM*233*20040304~CLP*170125C0304CD*2*99*12.25**15*04077220970~CAS*OA*23*49.01~CAS*OA*96*37.74~NM1*QC*1*JEAN*BOBBIE****MI*U77107~NM1*IL*1*JEAN*BOBBIE****HN*431664076A~DTM*050*20040331~DTM*232*20040305~DTM*233*20040305~CLP*170125C0304FZ*2*205*29.25**15*04077220980~CAS*OA*23*117.02~CAS*OA*96*58.73~NM1*QC*1*JEAN*BOBBIE****MI*U77107~NM1*IL*1*JEAN*BOBBIE****HN*431664076A~DTM*050*20040331~DTM*232*20040227~DTM*233*20040227~CLP*170125C0304G0*2*205*29.25**15*04077220990~CAS*OA*23*117.02~CAS*OA*96*58.73~NM1*QC*1*JEAN*BOBBIE****MI*U77107~NM1*IL*1*JEAN*BOBBIE****HN*431664076A~DTM*050*20040331~DTM*232*20040229~DTM*233*20040229~CLP*830623C03042T*2*331*18.63**15*04077220560~CAS*OA*23*119.91~CAS*OA*96*192.46~NM1*QC*1*JOHNSON*BILLIE*J***MI*U14248~NM1*IL*1*JOHNSON*BILLIE*J***HN*431603583A~DTM*050*20040331~DTM*232*20040308~DTM*233*20040308~CLP*169175C03046K*2*73*44.92**15*04077215400~CAS*OA*23*13.55~CAS*OA*96*14.53~NM1*QC*1*JOHNSON*LILA*M***MI*265595~NM1*IL*1*JOHNSON*LILA*M***HN*429363968D~DTM*050*20040331~DTM*232*20040224~DTM*233*20040224~CLP*877201C0303EZ*2*64*9.55**15*04077228180~CAS*OA*23*38.18~CAS*OA*96*16.27~NM1*QC*1*JOHNSON*SARAH*W***MI*T15984~NM1*IL*1*JOHNSON*SARAH*W***HN*415640757A~DTM*050*20040331~DTM*232*20040305~DTM*233*20040305~CLP*X   875189*2*45*6.45**15*04061343960~CAS*OA*23*25.78~CAS*OA*96*12.77~NM1*QC*1*JOHNSTON*BONITA****MI*990017~NM1*IL*1*JOHNSTON*BONITA****HN*432702535A~DTM*050*20040330~DTM*232*20031219~DTM*233*20031219~CLP*171813C0304GB*2*64*9.55**15*04077215720~CAS*OA*23*38.18~CAS*OA*96*16.27~NM1*QC*1*JOLLEY*RUBY*L***MI*B75560~NM1*IL*1*JOLLEY*RUBY*L***HN*429485669A~DTM*050*20040331~DTM*232*20040303~DTM*233*20040303~CLP*171813C0304GE*2*4037.82*537.58**15*04077215750~CAS*OA*23*2150.3~CAS*OA*96*1349.94~NM1*QC*1*JOLLEY*RUBY*L***MI*B75560~NM1*IL*1*JOLLEY*RUBY*L***HN*429485669A~DTM*050*20040331~DTM*232*20040303~DTM*233*20040303~CLP*171813C0304GF*2*3296.71*505.89**15*04077215760~CAS*OA*23*2023.54~CAS*OA*96*767.28~NM1*QC*1*JOLLEY*RUBY*L***MI*B75560~NM1*IL*1*JOLLEY*RUBY*L***HN*429485669A~DTM*050*20040331~DTM*232*20040304~DTM*233*20040304~CLP*117820C0304JI*2*45*6.83**15*04077216820~CAS*OA*23*27.34~CAS*OA*96*10.83~NM1*QC*1*JONES*ALLIE****MI*A29740~NM1*IL*1*JONES*ALLIE****HN*429708037A~DTM*050*20040331~DTM*232*20040309~DTM*233*20040309~CLP*132110C03031R*2*123*19.2**15*04077226720~CAS*OA*23*76.83~CAS*OA*96*26.97~NM1*QC*1*KAFFKA*JANNA****MI*Y06646~NM1*IL*1*KAFFKA*JANNA****HN*431203938A~DTM*050*20040331~DTM*232*20040225~DTM*233*20040303~CLP*153700C0303HO*2*64*9.55**15*04077229960~CAS*OA*23*38.18~CAS*OA*96*16.27~NM1*QC*1*KELLER*WILLIAM*C***MI*990142514~NM1*IL*1*KELLER*WILLIAM*C***HN*431707471A~DTM*050*20040331~DTM*232*20040210~DTM*233*20040210~CLP*173982C0304D5*2*151*17.49**15*04077216810~CAS*OA*23*69.94~CAS*OA*96*63.57~NM1*QC*1*KERLEY*VIRGINIA*I***MI*U98305~NM1*IL*1*KERLEY*VIRGINIA*I***HN*429707554A~DTM*050*20040331~DTM*232*20040301~DTM*233*20040301~CLP*173888C0303P0*2*110*12.98**15*04077218380~CAS*OA*23*51.95~CAS*OA*96*45.07~NM1*QC*1*KING*SELENA*G***MI*L50004~NM1*IL*1*KING*SELENA*G***HN*430681446A~DTM*050*20040331~DTM*232*20040302~DTM*233*20040302~CLP*159911C0303CJ*2*73*11.69**15*04077230190~CAS*OA*23*46.78~CAS*OA*96*14.53~NM1*QC*1*KING*VERA*M***MI*E43980~NM1*IL*1*KING*VERA*M***HN*432147817D~DTM*050*20040331~DTM*232*20040303~DTM*233*20040303~CLP*843145C0302ZF*2*45*6.83**15*04077226030~CAS*OA*23*27.34~CAS*OA*96*10.83~NM1*QC*1*KOETTEL*OWEN****MI*V62805~NM1*IL*1*KOETTEL*OWEN****HN*429380790A~DTM*050*20040331~DTM*232*20040304~DTM*233*20040304~CLP*158721C0303MF*2*238*23.07**15*04077213860~CAS*OA*23*92.26~CAS*OA*96*122.67~NM1*QC*1*KRUTZ*MILDRED*E***MI*V10986~NM1*IL*1*KRUTZ*MILDRED*E***HN*365301040A~DTM*050*20040331~DTM*232*20040302~DTM*233*20040302~CLP*158721C0304J9*2*45*6.83**15*04077213870~CAS*OA*23*27.34~CAS*OA*96*10.83~NM1*QC*1*KRUTZ*MILDRED*E***MI*V10986~NM1*IL*1*KRUTZ*MILDRED*E***HN*365301040A~DTM*050*20040331~DTM*232*20040302~DTM*233*20040302~CLP*88492C0303JU*2*64*9.55**15*04077229800~CAS*OA*23*38.18~CAS*OA*96*16.27~NM1*QC*1*LAFARLETT*NANCY*C***MI*L97640~NM1*IL*1*LAFARLETT*NANCY*C***HN*431603012B~DTM*050*20040331~DTM*232*20040301~DTM*233*20040301~CLP*137475C0303UU*2*1350.81*175.53**15*04077220190~CAS*OA*23*702.11~CAS*OA*96*473.17~NM1*QC*1*LANCASTER*PEARL*L***MI*U86950~NM1*IL*1*LANCASTER*PEARL*L***HN*431566628A~DTM*050*20040331~DTM*232*20040304~DTM*233*20040304~CLP*104373C0303PK*2*84*11.74**15*04077220240~CAS*OA*23*46.97~CAS*OA*96*25.29~NM1*QC*1*LANGSTON*WILMA*I***MI*Y33328~NM1*IL*1*LANGSTON*WILMA*I***HN*431580296A~DTM*050*20040331~DTM*232*20040303~DTM*233*20040303~CLP*156182C0303VV*2*96*15**15*04077216680~CAS*OA*23*60~CAS*OA*96*21~NM1*QC*1*LAWRENCE*WADE*C***MI*990147655~NM1*IL*1*LAWRENCE*WADE*C***HN*429687928A~DTM*050*20040331~DTM*232*20040302~DTM*233*20040302~CLP*174346C0303PA*2*278*40.57**15*04077219740~CAS*OA*23*162.3~CAS*OA*96*75.13~NM1*QC*1*LAYER*MILDRED****MI*990117846~NM1*IL*1*LAYER*MILDRED****HN*431503112B~DTM*050*20040331~DTM*232*20040219~DTM*233*20040219~CLP*875201C0304DO*2*310*38.95**15*04077222280~CAS*OA*23*155.83~CAS*OA*96*115.22~NM1*QC*1*LEWALLEN*WALLACE****MI*Y25468~NM1*IL*1*LEWALLEN*WALLACE****HN*432403871A~DTM*050*20040331~DTM*232*20040213~DTM*233*20040215~CLP*875201C0303ET*2*150*20.74**15*04077230320~CAS*OA*23*82.98~CAS*OA*96*46.28~NM1*QC*1*LEWALLEN*WALLACE****MI*Y25468~NM1*IL*1*LEWALLEN*WALLACE****HN*432403871A~DTM*050*20040331~DTM*232*20040216~DTM*233*20040217~CLP*844571C0303MW*2*64*9.55**15*04077217480~CAS*OA*23*38.18~CAS*OA*96*16.27~NM1*QC*1*LINDLEY*MILDRED****MI*B47655~NM1*IL*1*LINDLEY*MILDRED****HN*430201263D~DTM*050*20040331~DTM*232*20040308~DTM*233*20040308~CLP*844571C0303MX*2*385*52.74**15*04077217490~CAS*OA*23*210.99~CAS*OA*96*121.27~NM1*QC*1*LINDLEY*MILDRED****MI*B47655~NM1*IL*1*LINDLEY*MILDRED****HN*430201263D~DTM*050*20040331~DTM*232*20040226~DTM*233*20040228~CLP*121865C030447*2*747*69.21**15*04077219940~CAS*OA*23*276.83~CAS*OA*96*400.96~NM1*QC*1*LINTON*KENNETH*W***MI*Y32842~NM1*IL*1*LINTON*KENNETH*W***HN*431545256A~DTM*050*20040331~DTM*232*20040308~DTM*233*20040308~CLP*121865C0303LD*2*854*148.47**15*04077229640~CAS*OA*23*250.54~CAS*OA*96*454.99~NM1*QC*1*LINTON*KENNETH*W***MI*Y32842~NM1*IL*1*LINTON*KENNETH*W***HN*431545256A~DTM*050*20040331~DTM*232*20040303~DTM*233*20040303~CLP*121865C0303LE*4*183*14.13**15*04077229650~CAS*OA*23*82.21~CAS*OA*96*112.36~CAS*OA*96*-25.7~NM1*QC*1*LINTON*KENNETH*W***MI*Y32842~NM1*IL*1*LINTON*KENNETH*W***HN*431545256A~DTM*050*20040331~DTM*232*20040303~DTM*233*20040309~CLP*847305C0303E4*2*64*9.55**15*04077229630~CAS*OA*23*38.18~CAS*OA*96*16.27~NM1*QC*1*LOVELACE*CLARICE****MI*V29400~NM1*IL*1*LOVELACE*CLARICE****HN*431506881A~DTM*050*20040331~DTM*232*20040305~DTM*233*20040305~CLP*172768C0301OQ*4*64*0**15*04069118320~CAS*OA*18*64~NM1*QC*1*LYLES*WALTER*D***MI*990152242~NM1*IL*1*LYLES*WALTER*D***HN*430749287A~DTM*050*20040324~DTM*232*20040226~DTM*233*20040226~CLP*106761C0303G6*2*64*9.55**15*04077227940~CAS*OA*23*38.18~CAS*OA*96*16.27~NM1*QC*1*MACK*THAS****MI*P33923~NM1*IL*1*MACK*THAS****HN*238221328D~DTM*050*20040331~DTM*232*20040216~DTM*233*20040216~CLP*89184C0303JZ*2*254*15**15*04077228610~CAS*OA*23*111.98~CAS*OA*96*127.02~NM1*QC*1*MALONEY*BILLIE****MI*C48249~NM1*IL*1*MALONEY*BILLIE****HN*429663040A~DTM*050*20040331~DTM*232*20040303~DTM*233*20040303~CLP*133298C0304JT*2*73*11.69**15*04077215010~CAS*OA*23*46.78~CAS*OA*96*14.53~NM1*QC*1*MARLOW*GORDON****MI*N72744~NM1*IL*1*MARLOW*GORDON****HN*429072535A~DTM*050*20040331~DTM*232*20040229~DTM*233*20040229~CLP*844863C03033E*2*77*9.55**15*04077227670~CAS*OA*23*41.45~CAS*OA*96*26~NM1*QC*1*MARRET*FRANK*L***MI*K86859~NM1*IL*1*MARRET*FRANK*L***HN*496129288A~DTM*050*20040331~DTM*232*20040304~DTM*233*20040304~CLP*104834C0303FZ*2*124*14.26**15*04077228130~CAS*OA*23*57.01~CAS*OA*96*52.73~NM1*QC*1*MARSHALL*MARION****MI*903709~NM1*IL*1*MARSHALL*MARION****HN*410406181B~DTM*050*20040331~DTM*232*20040218~DTM*233*20040218~CLP*99133C0306NQ*2*64*47.73**15*04084264730~CAS*OA*96*16.27~NM1*QC*1*MARTIN*MARY*E***MI*Y48205~NM1*IL*1*MARTIN*MARY*E***HN*429763906A~DTM*050*20040331~DTM*232*20040301~DTM*233*20040301~CLP*841968C03046Z*2*168*9.55**15*04077222610~CAS*OA*23*70.13~CAS*OA*96*88.32~NM1*QC*1*MASHBURN*JANIE*S***MI*L13588~NM1*IL*1*MASHBURN*JANIE*S***HN*432521319A~DTM*050*20040331~DTM*232*20040302~DTM*233*20040308~CLP*148677C0304HT*2*150*20.74**15*04077220880~CAS*OA*23*82.98~CAS*OA*96*46.28~NM1*QC*1*MAYES*EVELYN*B***MI*C58147~NM1*IL*1*MAYES*EVELYN*B***HN*431663086A~DTM*050*20040331~DTM*232*20040214~DTM*233*20040215~CLP*148677C030321*2*450*59.41**15*04077227060~CAS*OA*23*237.64~CAS*OA*96*152.95~NM1*QC*1*MAYES*EVELYN*B***MI*C58147~NM1*IL*1*MAYES*EVELYN*B***HN*431663086A~DTM*050*20040331~DTM*232*20040209~DTM*233*20040216~CLP*141141C0302YQ*2*283*29.9**15*04077225740~CAS*OA*23*119.6~CAS*OA*96*133.5~NM1*QC*1*MCCAIN*SANDRA*M***MI*U98194~NM1*IL*1*MCCAIN*SANDRA*M***HN*340305904A~DTM*050*20040331~DTM*232*20040302~DTM*233*20040309~CLP*92801C0304JF*2*105.5*68.18**15*04077213620~CAS*OA*23*9.42~CAS*OA*96*27.9~NM1*QC*1*MCCRACKIN*WANDA LEE****MI*U98402~NM1*IL*1*MCCRACKIN*WANDA LEE****HN*348308231A~DTM*050*20040331~DTM*232*20040308~DTM*233*20040308~CLP*174291C0303TI*2*499*25.08**15*04077222010~CAS*OA*23*100.32~CAS*OA*96*373.6~NM1*QC*1*MCCULLAR*ALFRED*L***MI*B89431~NM1*IL*1*MCCULLAR*ALFRED*L***HN*432249729A~DTM*050*20040331~DTM*232*20040224~DTM*233*20040224~CLP*174291C0303TJ*2*160*18.21**15*04077222020~CAS*OA*23*72.85~CAS*OA*96*68.94~NM1*QC*1*MCCULLAR*ALFRED*L***MI*B89431~NM1*IL*1*MCCULLAR*ALFRED*L***HN*432249729A~DTM*050*20040331~DTM*232*20040223~DTM*233*20040223~CLP*843291C0302ZH*2*527*68.71**15*04077226900~CAS*OA*23*274.89~CAS*OA*96*183.4~NM1*QC*1*MCDANIEL*J*H***MI*Y04440~NM1*IL*1*MCDANIEL*J*H***HN*431506792A~DTM*050*20040331~DTM*232*20040204~DTM*233*20040213~CLP*129440C0304E5*2*64*9.55**15*04077221150~CAS*OA*23*38.18~CAS*OA*96*16.27~NM1*QC*1*MCFARLAND*EARLINE****MI*M68168~NM1*IL*1*MCFARLAND*EARLINE****HN*431686960B~DTM*050*20040331~DTM*232*20040301~DTM*233*20040301~CLP*144153C0304EU*2*205*29.25**15*04077220130~CAS*OA*23*117.02~CAS*OA*96*58.73~NM1*QC*1*MCGOUGH*MAJOR*G***MI*L73884~NM1*IL*1*MCGOUGH*MAJOR*G***HN*431565147A~DTM*050*20040331~DTM*232*20040303~DTM*233*20040303~CLP*144153C0304EW*2*64*9.55**15*04077220150~CAS*OA*23*38.18~CAS*OA*96*16.27~NM1*QC*1*MCGOUGH*MAJOR*G***MI*L73884~NM1*IL*1*MCGOUGH*MAJOR*G***HN*431565147A~DTM*050*20040331~DTM*232*20040308~DTM*233*20040308~CLP*171090C0303YQ*2*537.58*57.95**15*04077213560~CAS*OA*23*231.8~CAS*OA*96*247.83~NM1*QC*1*MCNABB*JAMES*G***MI*990143066~NM1*IL*1*MCNABB*JAMES*G***HN*347220875A~DTM*050*20040331~DTM*232*20040301~DTM*233*20040301~CLP*171090C0303YR*2*64*9.55**15*04077213570~CAS*OA*23*38.18~CAS*OA*96*16.27~NM1*QC*1*MCNABB*JAMES*G***MI*990143066~NM1*IL*1*MCNABB*JAMES*G***HN*347220875A~DTM*050*20040331~DTM*232*20040301~DTM*233*20040301~CLP*171090C0303YS*2*443.69*47.44**15*04077213580~CAS*OA*23*189.75~CAS*OA*96*206.5~NM1*QC*1*MCNABB*JAMES*G***MI*990143066~NM1*IL*1*MCNABB*JAMES*G***HN*347220875A~DTM*050*20040331~DTM*232*20040302~DTM*233*20040302~CLP*171090C0303YT*2*537.58*57.95**15*04077213590~CAS*OA*23*231.8~CAS*OA*96*247.83~NM1*QC*1*MCNABB*JAMES*G***MI*990143066~NM1*IL*1*MCNABB*JAMES*G***HN*347220875A~DTM*050*20040331~DTM*232*20040303~DTM*233*20040303~CLP*171090C0303YU*2*537.58*57.95**15*04077213600~CAS*OA*23*231.8~CAS*OA*96*247.83~NM1*QC*1*MCNABB*JAMES*G***MI*990143066~NM1*IL*1*MCNABB*JAMES*G***HN*347220875A~DTM*050*20040331~DTM*232*20040304~DTM*233*20040304~CLP*171090C0303YV*2*537.58*57.95**15*04077213610~CAS*OA*23*231.8~CAS*OA*96*247.83~NM1*QC*1*MCNABB*JAMES*G***MI*990143066~NM1*IL*1*MCNABB*JAMES*G***HN*347220875A~DTM*050*20040331~DTM*232*20040305~DTM*233*20040305~CLP*93748C0303K9*2*64*9.55**15*04077228480~CAS*OA*23*38.18~CAS*OA*96*16.27~NM1*QC*1*MCNATT*PAULINE****MI*N70128~NM1*IL*1*MCNATT*PAULINE****HN*429549424A~DTM*050*20040331~DTM*232*20040301~DTM*233*20040301~CLP*830517C02080E*4*385*0**15*04056322810~CAS*OA*27*385~NM1*QC*1*MEAD*FELIX****MI*F72389~NM1*IL*1*MEAD*FELIX****HN*429244110A~DTM*050*20040331~DTM*232*20040206~DTM*233*20040210~CLP*139188C03040W*2*310*38.95**15*04077215550~CAS*OA*23*155.83~CAS*OA*96*115.22~NM1*QC*1*MELTON*CHARLES*J***MI*Y39988~NM1*IL*1*MELTON*CHARLES*J***HN*429380235A~DTM*050*20040331~DTM*232*20040301~DTM*233*20040303~CLP*139188C0304EH*2*205*29.25**15*04077215560~CAS*OA*23*117.02~CAS*OA*96*58.73~NM1*QC*1*MELTON*CHARLES*J***MI*Y39988~NM1*IL*1*MELTON*CHARLES*J***HN*429380235A~DTM*050*20040331~DTM*232*20040301~DTM*233*20040301~CLP*139188C0304EI*2*75*10.37**15*04077215570~CAS*OA*23*41.49~CAS*OA*96*23.14~NM1*QC*1*MELTON*CHARLES*J***MI*Y39988~NM1*IL*1*MELTON*CHARLES*J***HN*429380235A~DTM*050*20040331~DTM*232*20040302~DTM*233*20040302~CLP*139188C0303IQ*2*450*33.61**15*04077228350~CAS*OA*23*134.45~CAS*OA*96*281.94~NM1*QC*1*MELTON*CHARLES*J***MI*Y39988~NM1*IL*1*MELTON*CHARLES*J***HN*429380235A~DTM*050*20040331~DTM*232*20040220~DTM*233*20040220~CLP*94172C0302Y1*2*133*34.17**15*04077226840~CAS*OA*23*23.73~CAS*OA*96*75.1~NM1*QC*1*METHENY*FREDIA****MI*B50906~NM1*IL*1*METHENY*FREDIA****HN*431429776A~DTM*050*20040331~DTM*232*20040308~DTM*233*20040308~CLP*121415C0303NM*2*266*36.72**15*04077218110~CAS*OA*23*146.91~CAS*OA*96*82.37~NM1*QC*1*MILLION*HAMIL*L***MI*U21030~NM1*IL*1*MILLION*HAMIL*L***HN*430521940A~DTM*050*20040331~DTM*232*20040213~DTM*233*20040215~CLP*121415C0303IJ*2*130*16.66**15*04077229170~CAS*OA*23*66.66~CAS*OA*96*46.68~NM1*QC*1*MILLION*HAMIL*L***MI*U21030~NM1*IL*1*MILLION*HAMIL*L***HN*430521940A~DTM*050*20040331~DTM*232*20040216~DTM*233*20040217~CLP*100443C0303FH*2*97*13.74**15*04077228360~CAS*OA*23*54.93~CAS*OA*96*28.33~NM1*QC*1*MILLS*MARY*L***MI*402243~NM1*IL*1*MILLS*MARY*L***HN*429383670A~DTM*050*20040331~DTM*232*20040209~DTM*233*20040209~CLP*98499C0304LF*2*64*9.55**15*04077218810~CAS*OA*23*38.18~CAS*OA*96*16.27~NM1*QC*1*MOORE*ALVA*T***MI*937188~NM1*IL*1*MOORE*ALVA*T***HN*431019608A~DTM*050*20040331~DTM*232*20040309~DTM*233*20040309~CLP*95071C0302Y4*2*45*6.83**15*04077227610~CAS*OA*23*27.34~CAS*OA*96*10.83~NM1*QC*1*MOORE*E*D***MI*V58887~NM1*IL*1*MOORE*E*D***HN*488289505A~DTM*050*20040331~DTM*232*20040301~DTM*233*20040301~CLP*149494C0303M5*2*373*51.22**15*04077216080~CAS*OA*23*204.89~CAS*OA*96*116.89~NM1*QC*1*MORGAN*HAROLD****MI*Y63165~NM1*IL*1*MORGAN*HAROLD****HN*429546018A~DTM*050*20040331~DTM*232*20040210~DTM*233*20040216~CLP*148569C03049N*2*104*14.74**15*04077225610~CAS*OA*23*58.96~CAS*OA*96*30.3~NM1*QC*1*MOSS*BETTY****MI*C73123~NM1*IL*1*MOSS*BETTY****HN*499289938D7~DTM*050*20040331~DTM*232*20040228~DTM*233*20040228~CLP*87788C03043D*2*112*47.73**15*04077222070~CAS*OA*23*9.33~CAS*OA*96*54.94~NM1*QC*1*MOSS*GLADYS*M***MI*P89761~NM1*IL*1*MOSS*GLADYS*M***HN*432262341A~DTM*050*20040331~DTM*232*20040227~DTM*233*20040227~CLP*870435C030307*2*69*6.83**15*04077227880~CAS*OA*23*35.83~CAS*OA*96*26.34~NM1*QC*1*NOLEN*LUCILLE****MI*H62926~NM1*IL*1*NOLEN*LUCILLE****HN*432704543D6~DTM*050*20040331~DTM*232*20040304~DTM*233*20040304~CLP*159485C0303W6*2*96*15**15*04077222420~CAS*OA*23*60~CAS*OA*96*21~NM1*QC*1*OAKES*BESSIE****MI*V00132~NM1*IL*1*OAKES*BESSIE****HN*432481482A~DTM*050*20040331~DTM*232*20040223~DTM*233*20040223~CLP*159485C0303W9*2*26*3.77**15*04077222450~CAS*OA*23*15.06~CAS*OA*96*7.17~NM1*QC*1*OAKES*BESSIE****MI*V00132~NM1*IL*1*OAKES*BESSIE****HN*432481482A~DTM*050*20040331~DTM*232*20040305~DTM*233*20040305~CLP*872869C0304LP*2*388*34.05*24.01*15*04077225170~CAS*PR*96*24.01~CAS*OA*23*136.2~CAS*OA*96*193.74~NM1*QC*1*OGDEN*MOZELL****MI*W93977~NM1*IL*1*OGDEN*MOZELL****HN*217032781D4~DTM*050*20040331~DTM*232*20040302~DTM*233*20040302~CLP*169354C0303J9*2*129*15.7**15*04077230330~CAS*OA*23*62.79~CAS*OA*96*50.51~NM1*QC*1*OLIVE*JARVIS*T***MI*Y87272~NM1*IL*1*OLIVE*JARVIS*T***HN*432404307A~DTM*050*20040331~DTM*232*20040309~DTM*233*20040309~CLP*93379C0303R4*2*712*45.07**15*04077221910~CAS*OA*23*180.26~CAS*OA*96*486.67~NM1*QC*1*OLIVE*VACLE****MI*K58308~NM1*IL*1*OLIVE*VACLE****HN*432186346B~DTM*050*20040331~DTM*232*20040301~DTM*233*20040301~CLP*108002C030406*2*238*23.07**15*04077224760~CAS*OA*23*92.26~CAS*OA*96*122.67~NM1*QC*1*OTTO*AMELIA****MI*E56470~NM1*IL*1*OTTO*AMELIA****HN*521340038A~DTM*050*20040331~DTM*232*20040309~DTM*233*20040309~CLP*844518C0302ZQ*2*45*6.83**15*04077225690~CAS*OA*23*27.34~CAS*OA*96*10.83~NM1*QC*1*PARHAM*MARY*L***MI*L74915~NM1*IL*1*PARHAM*MARY*L***HN*301329042A~DTM*050*20040331~DTM*232*20040301~DTM*233*20040301~CLP*97809C0302Y6*2*45*18.83**15*04077226210~CAS*OA*23*15.34~CAS*OA*96*10.83~NM1*QC*1*PARKS*EUGENE*M***MI*U85491~NM1*IL*1*PARKS*EUGENE*M***HN*429668535A~DTM*050*20040331~DTM*232*20040304~DTM*233*20040304~CLP*150886C0304KK*2*45*6.83**15*04077216420~CAS*OA*23*27.34~CAS*OA*96*10.83~NM1*QC*1*PARKS*LLOYD****MI*U97708~NM1*IL*1*PARKS*LLOYD****HN*429608693A~DTM*050*20040331~DTM*232*20040301~DTM*233*20040301~CLP*847186C0303QT*2*743*44.11**15*04077224190~CAS*OA*23*176.43~CAS*OA*96*522.46~NM1*QC*1*PENN*HULEN****MI*N96497~NM1*IL*1*PENN*HULEN****HN*494180138A~DTM*050*20040331~DTM*232*20040222~DTM*233*20040222~CLP*847186C0303E2*2*205*29.25**15*04077230850~CAS*OA*23*117.02~CAS*OA*96*58.73~NM1*QC*1*PENN*HULEN****MI*N96497~NM1*IL*1*PENN*HULEN****HN*494180138A~DTM*050*20040331~DTM*232*20040222~DTM*233*20040222~CLP*111545C03047D*2*45*6.83**15*04077223210~CAS*OA*23*27.34~CAS*OA*96*10.83~NM1*QC*1*PENTER*LOLA*M***MI*990142881~NM1*IL*1*PENTER*LOLA*M***HN*432901910A~DTM*050*20040331~DTM*232*20040303~DTM*233*20040303~CLP*136229C0303UR*2*64*9.55**15*04077224680~CAS*OA*23*38.18~CAS*OA*96*16.27~NM1*QC*1*PERKINS*MARY*I***MI*N87378~NM1*IL*1*PERKINS*MARY*I***HN*504241326D~DTM*050*20040331~DTM*232*20040223~DTM*233*20040223~CLP*90903C0303K4*2*256*9.55**15*04077230030~CAS*OA*23*94.05~CAS*OA*96*152.4~NM1*QC*1*PERRY*GENEAN*M***MI*U62164~NM1*IL*1*PERRY*GENEAN*M***HN*431723403D~DTM*050*20040331~DTM*232*20040302~DTM*233*20040302~CLP*94776C0304DR*2*64*9.55**15*04077220450~CAS*OA*23*38.18~CAS*OA*96*16.27~NM1*QC*1*PHILLIPS*ABBIE*R***MI*L01290~NM1*IL*1*PHILLIPS*ABBIE*R***HN*431585224A~DTM*050*20040331~DTM*232*20040301~DTM*233*20040301~CLP*160819C03045Y*2*205*29.25**15*04077217460~CAS*OA*23*117.02~CAS*OA*96*58.73~NM1*QC*1*PHILLIPS*WANDA*L***MI*Y18396~NM1*IL*1*PHILLIPS*WANDA*L***HN*430166606A~DTM*050*20040331~DTM*232*20040214~DTM*233*20040214~CLP*160819C0304K2*2*50*7.51**15*04077217470~CAS*OA*23*30.05~CAS*OA*96*12.44~NM1*QC*1*PHILLIPS*WANDA*L***MI*Y18396~NM1*IL*1*PHILLIPS*WANDA*L***HN*430166606A~DTM*050*20040331~DTM*232*20040229~DTM*233*20040229~CLP*125616C0304BC*2*416*57.47**15*04077216940~CAS*OA*23*229.88~CAS*OA*96*128.65~NM1*QC*1*PILAND*OLIVE*L***MI*N36502~NM1*IL*1*PILAND*OLIVE*L***HN*429763243A~DTM*050*20040331~DTM*232*20040124~DTM*233*20040127~CLP*125616C0304BD*2*760*101.17**15*04077216950~CAS*OA*23*404.77~CAS*OA*96*254.06~NM1*QC*1*PILAND*OLIVE*L***MI*N36502~NM1*IL*1*PILAND*OLIVE*L***HN*429763243A~DTM*050*20040331~DTM*232*20040129~DTM*233*20040223~CLP*91900C0303R2*2*711*37.9**15*04077213380~CAS*OA*23*151.6~CAS*OA*96*521.5~NM1*QC*1*PRESTIDGE*JANE****MI*Y18867~NM1*IL*1*PRESTIDGE*JANE****HN*329220587A~DTM*050*20040331~DTM*232*20040302~DTM*233*20040302~CLP*841995C0302Z6*2*226*71.33**15*04077227170~CAS*OA*23*22~CAS*OA*96*132.67~NM1*QC*1*PULLIAM*THEORA*M***MI*B43520~NM1*IL*1*PULLIAM*THEORA*M***HN*432181496A~DTM*050*20040331~DTM*232*20040303~DTM*233*20040303~CLP*841995C0302Z7*2*45*6.83**15*04077227180~CAS*OA*23*27.34~CAS*OA*96*10.83~NM1*QC*1*PULLIAM*THEORA*M***MI*B43520~NM1*IL*1*PULLIAM*THEORA*M***HN*432181496A~DTM*050*20040331~DTM*232*20040303~DTM*233*20040303~CLP*871134C0304KP*2*299*6.83**15*04077217870~CAS*OA*23*97.53~CAS*OA*96*194.64~NM1*QC*1*RAGLAND*MARY*E***MI*P70814~NM1*IL*1*RAGLAND*MARY*E***HN*430381557D~DTM*050*20040331~DTM*232*20040308~DTM*233*20040308~CLP*113533C03043Z*2*302*32.62**15*04077220510~CAS*OA*23*130.44~CAS*OA*96*138.94~NM1*QC*1*RAPER*GOVA*I***MI*Y12132~NM1*IL*1*RAPER*GOVA*I***HN*431602717B~DTM*050*20040331~DTM*232*20040309~DTM*233*20040309~CLP*129694C0303UI*2*64*9.55**15*04077218090~CAS*OA*23*38.18~CAS*OA*96*16.27~NM1*QC*1*RASDON*KATHRYN****MI*V72488~NM1*IL*1*RASDON*KATHRYN****HN*430503374D~DTM*050*20040331~DTM*232*20040303~DTM*233*20040303~CLP*173837C03042O*2*73*11.69**15*04077218940~CAS*OA*23*46.78~CAS*OA*96*14.53~NM1*QC*1*RAULS*JOEL*W***MI*N96736~NM1*IL*1*RAULS*JOEL*W***HN*431125260A~DTM*050*20040331~DTM*232*20040216~DTM*233*20040216~CLP*173876C0303I0*2*99*11.74**15*04077229920~CAS*OA*23*50.11~CAS*OA*96*37.15~NM1*QC*1*REDDMANN*VIRGINIA****MI*854166~NM1*IL*1*REDDMANN*VIRGINIA****HN*431666035B~DTM*050*20040331~DTM*232*20040211~DTM*233*20040211~CLP*91898C0303R1*2*499*25.08**15*04077219260~CAS*OA*23*100.32~CAS*OA*96*373.6~NM1*QC*1*REED*HUEYDUDE****MI*868850~NM1*IL*1*REED*HUEYDUDE****HN*431423605A~DTM*050*20040331~DTM*232*20040220~DTM*233*20040220~CLP*93020C03030X*2*198*21.08**15*04077226790~CAS*OA*23*84.27~CAS*OA*96*92.65~NM1*QC*1*REED*JANE****MI*B46474~NM1*IL*1*REED*JANE****HN*431423605B~DTM*050*20040331~DTM*232*20040304~DTM*233*20040304~CLP*174062C0304AL*2*75*10.37**15*04077215350~CAS*OA*23*41.49~CAS*OA*96*23.14~NM1*QC*1*REEVES*HOWARD*W***MI*U14233~NM1*IL*1*REEVES*HOWARD*W***HN*429362772A~DTM*050*20040331~DTM*232*20040228~DTM*233*20040228~CLP*150034C0303VI*2*1316.16*173.99**15*04077222260~CAS*OA*23*695.94~CAS*OA*96*446.23~NM1*QC*1*REID*DOROTHY****MI*B20223~NM1*IL*1*REID*DOROTHY****HN*432400612A~DTM*050*20040331~DTM*232*20040301~DTM*233*20040301~CLP*152549C03045G*2*64*9.55**15*04077219040~CAS*OA*23*38.18~CAS*OA*96*16.27~NM1*QC*1*RHODUS*MARJORIE****MI*T15196~NM1*IL*1*RHODUS*MARJORIE****HN*431227221A~DTM*050*20040331~DTM*232*20040304~DTM*233*20040304~CLP*860538C03033S*2*73*44.92**15*04077226170~CAS*OA*23*13.55~CAS*OA*96*14.53~NM1*QC*1*RIGGS*CUBA*S***MI*437822~NM1*IL*1*RIGGS*CUBA*S***HN*429607990A~DTM*050*20040331~DTM*232*20040225~DTM*233*20040225~CLP*90888C0303QZ*2*750*63.07**15*04077219620~CAS*OA*23*252.28~CAS*OA*96*434.65~NM1*QC*1*ROBBINS*EVA*M***MI*K96419~NM1*IL*1*ROBBINS*EVA*M***HN*431444017D~DTM*050*20040331~DTM*232*20040220~DTM*233*20040220~CLP*842981C030334*2*77*9.55**15*04077225700~CAS*OA*23*41.45~CAS*OA*96*26~NM1*QC*1*ROBERTSON*HERMAN*H***MI*337504~NM1*IL*1*ROBERTSON*HERMAN*H***HN*308362574A~DTM*050*20040331~DTM*232*20040302~DTM*233*20040302~CLP*172057C0304CI*2*64*9.55**15*04077215380~CAS*OA*23*38.18~CAS*OA*96*16.27~NM1*QC*1*ROBERTSON*LINNIE*R***MI*554350~NM1*IL*1*ROBERTSON*LINNIE*R***HN*429362841B~DTM*050*20040331~DTM*232*20040304~DTM*233*20040304~CLP*98731C0303R7*2*641*38.25**15*04077217500~CAS*OA*23*152.98~CAS*OA*96*449.77~NM1*QC*1*RODMAN*GENEVA*A***MI*N72219~NM1*IL*1*RODMAN*GENEVA*A***HN*430202593D~DTM*050*20040331~DTM*232*20040224~DTM*233*20040224~CLP*98731C0303KM*2*100*9.55**15*04077228970~CAS*OA*23*47.04~CAS*OA*96*43.41~NM1*QC*1*RODMAN*GENEVA*A***MI*N72219~NM1*IL*1*RODMAN*GENEVA*A***HN*430202593D~DTM*050*20040331~DTM*232*20040309~DTM*233*20040309~CLP*104131C0303FV*2*45*6.83**15*04077230390~CAS*OA*23*27.34~CAS*OA*96*10.83~NM1*QC*1*ROE*BETTY*L***MI*Y84412~NM1*IL*1*ROE*BETTY*L***HN*432520429A~DTM*050*20040331~DTM*232*20040210~DTM*233*20040210~CLP*139741C0303PZ*2*641*38.25**15*04077216090~CAS*OA*23*152.98~CAS*OA*96*449.77~NM1*QC*1*ROGERS*ELLA****MI*V92700~NM1*IL*1*ROGERS*ELLA****HN*429546116A~DTM*050*20040331~DTM*232*20040224~DTM*233*20040224~CLP*90221C0303K2*2*64*9.55**15*04077229850~CAS*OA*23*38.18~CAS*OA*96*16.27~NM1*QC*1*ROSE*RUTH****MI*331363~NM1*IL*1*ROSE*RUTH****HN*431627721D~DTM*050*20040331~DTM*232*20040308~DTM*233*20040308~CLP*874915C0303EQ*2*64*9.55**15*04077227970~CAS*OA*23*38.18~CAS*OA*96*16.27~NM1*QC*1*RYAN*ILIA****MI*N53493~NM1*IL*1*RYAN*ILIA****HN*296071423D~DTM*050*20040331~DTM*232*20040305~DTM*233*20040305~CLP*149656C030457*2*73*11.69**15*04077217260~CAS*OA*23*46.78~CAS*OA*96*14.53~NM1*QC*1*SALMONS*ORENE*J***MI*903651~NM1*IL*1*SALMONS*ORENE*J***HN*430103301D~DTM*050*20040331~DTM*232*20040224~DTM*233*20040224~CLP*112530C03031J*2*238*3.07*100*15*04077227440~CAS*PR*96*100~CAS*OA*23*12.26~CAS*OA*96*122.67~NM1*QC*1*SCHLUETER*E WILODEA****MI*C63967~NM1*IL*1*SCHLUETER*E WILODEA****HN*432887840A~DTM*050*20040331~DTM*232*20040303~DTM*233*20040303~CLP*130701C0303LS*2*160*18.21**15*04077215690~CAS*OA*23*72.85~CAS*OA*96*68.94~NM1*QC*1*SCHULTZ*MYRTLE*M***MI*H86590~NM1*IL*1*SCHULTZ*MYRTLE*M***HN*429469083A~DTM*050*20040331~DTM*232*20040216~DTM*233*20040216~CLP*130701C03040I*2*75*10.37**15*04077215700~CAS*OA*23*41.49~CAS*OA*96*23.14~NM1*QC*1*SCHULTZ*MYRTLE*M***MI*H86590~NM1*IL*1*SCHULTZ*MYRTLE*M***HN*429469083A~DTM*050*20040331~DTM*232*20040217~DTM*233*20040217~CLP*130701C03044B*2*150*20.74**15*04077215710~CAS*OA*23*82.98~CAS*OA*96*46.28~NM1*QC*1*SCHULTZ*MYRTLE*M***MI*H86590~NM1*IL*1*SCHULTZ*MYRTLE*M***HN*429469083A~DTM*050*20040331~DTM*232*20040218~DTM*233*20040219~CLP*168538C03046H*2*323*32.08**15*04077221950~CAS*OA*23*128.32~CAS*OA*96*162.6~NM1*QC*1*SCHWAMB*L JEAN****MI*U39494~NM1*IL*1*SCHWAMB*L JEAN****HN*432186968D~DTM*050*20040331~DTM*232*20040226~DTM*233*20040226~CLP*168538C03046I*2*73*11.69**15*04077221960~CAS*OA*23*46.78~CAS*OA*96*14.53~NM1*QC*1*SCHWAMB*L JEAN****MI*U39494~NM1*IL*1*SCHWAMB*L JEAN****HN*432186968D~DTM*050*20040331~DTM*232*20040224~DTM*233*20040224~CLP*846425C0303QR*2*135*9.55**15*04077216200~CAS*OA*23*52.6~CAS*OA*96*72.85~NM1*QC*1*SEAY*HENRY****MI*N80426~NM1*IL*1*SEAY*HENRY****HN*429568322A~DTM*050*20040331~DTM*232*20040303~DTM*233*20040308~CLP*167491C0303OO*2*219*78.49**15*04077217290~CAS*OA*23*25.69~CAS*OA*96*114.82~NM1*QC*1*SEGARS*JOHNNIE*M***MI*162982~NM1*IL*1*SEGARS*JOHNNIE*M***HN*430107857A~DTM*050*20040331~DTM*232*20040302~DTM*233*20040302~CLP*843441C0302ZJ*2*45*6.83**15*04077227360~CAS*OA*23*27.34~CAS*OA*96*10.83~NM1*QC*1*SELLERS*SADIE*C***MI*802789~NM1*IL*1*SELLERS*SADIE*C***HN*432520534A~DTM*050*20040331~DTM*232*20040305~DTM*233*20040305~CLP*120232C0303LA*2*64*9.55**15*04077229710~CAS*OA*23*38.18~CAS*OA*96*16.27~NM1*QC*1*SEYMOUR*ROSEMARY****MI*U26471~NM1*IL*1*SEYMOUR*ROSEMARY****HN*431569400A~DTM*050*20040331~DTM*232*20040302~DTM*233*20040302~CLP*872748C0303EH*2*64*9.55**15*04077228680~CAS*OA*23*38.18~CAS*OA*96*16.27~NM1*QC*1*SHANLEVER*BILL*T***MI*990047063~NM1*IL*1*SHANLEVER*BILL*T***HN*429706144A~DTM*050*20040331~DTM*232*20040227~DTM*233*20040227~CLP*170708C0303YK*2*547.26*58.32**15*04077224200~CAS*OA*23*233.28~CAS*OA*96*255.66~NM1*QC*1*SHARP*JAMES*C***MI*Y10059~NM1*IL*1*SHARP*JAMES*C***HN*494207415A~DTM*050*20040331~DTM*232*20040226~DTM*233*20040226~CLP*170708C0304G4*2*547.26*58.32**15*04077224210~CAS*OA*23*233.28~CAS*OA*96*255.66~NM1*QC*1*SHARP*JAMES*C***MI*Y10059~NM1*IL*1*SHARP*JAMES*C***HN*494207415A~DTM*050*20040331~DTM*232*20040227~DTM*233*20040227~CLP*100046C0303NC*2*338*46.14**15*04077219400~CAS*OA*23*184.58~CAS*OA*96*107.28~NM1*QC*1*SHAVER*LENORA****MI*456680~NM1*IL*1*SHAVER*LENORA****HN*431426775D~DTM*050*20040331~DTM*232*20040213~DTM*233*20040227~CLP*100046C03047B*2*75*10.37**15*04077219410~CAS*OA*23*41.49~CAS*OA*96*23.14~NM1*QC*1*SHAVER*LENORA****MI*456680~NM1*IL*1*SHAVER*LENORA****HN*431426775D~DTM*050*20040331~DTM*232*20040228~DTM*233*20040228~CLP*100046C0304AW*2*1736*245.98**15*04077219420~CAS*OA*23*983.95~CAS*OA*96*506.07~NM1*QC*1*SHAVER*LENORA****MI*456680~NM1*IL*1*SHAVER*LENORA****HN*431426775D~DTM*050*20040331~DTM*232*20040210~DTM*233*20040227~CLP*100046C0303IB*2*1296*162.06**15*04077229520~CAS*OA*23*648.26~CAS*OA*96*485.68~NM1*QC*1*SHAVER*LENORA****MI*456680~NM1*IL*1*SHAVER*LENORA****HN*431426775D~DTM*050*20040331~DTM*232*20040211~DTM*233*20040226~CLP*104770C03043T*2*323*32.08**15*04077221830~CAS*OA*23*128.32~CAS*OA*96*162.6~NM1*QC*1*SIMPSON*EDNA****MI*P13315~NM1*IL*1*SIMPSON*EDNA****HN*432140562D~DTM*050*20040331~DTM*232*20040301~DTM*233*20040301~CLP*173756C0304IB*2*135*9.55**15*04077221580~CAS*OA*23*64.65~CAS*OA*96*60.8~NM1*QC*1*SIPES*MARY*W***MI*990157161~NM1*IL*1*SIPES*MARY*W***HN*432027368A~DTM*050*20040331~DTM*232*20040305~DTM*233*20040305~CLP*174264C0304D9*2*460*59.7**15*04077224690~CAS*OA*23*238.8~CAS*OA*96*161.5~NM1*QC*1*SMITH*A LORRAIN****MI*990102414~NM1*IL*1*SMITH*A LORRAIN****HN*506058328A~DTM*050*20040331~DTM*232*20040202~DTM*233*20040206~CLP*174264C0304DA*2*235*28.58**15*04077224700~CAS*OA*23*114.34~CAS*OA*96*92.08~NM1*QC*1*SMITH*A LORRAIN****MI*990102414~NM1*IL*1*SMITH*A LORRAIN****HN*506058328A~DTM*050*20040331~DTM*232*20040209~DTM*233*20040212~CLP*851801C0304LC*2*65*6.15**15*04077220520~CAS*OA*23*24.61~CAS*OA*96*34.24~NM1*QC*1*SMITH*HILDRED*R***MI*U66579~NM1*IL*1*SMITH*HILDRED*R***HN*431603061A~DTM*050*20040331~DTM*232*20040302~DTM*233*20040302~CLP*88501C0303JV*2*282*47.73**15*04077228740~CAS*OA*23*39.09~CAS*OA*96*195.18~NM1*QC*1*SMITH*VERNIE*I***MI*N79553~NM1*IL*1*SMITH*VERNIE*I***HN*429763000A~DTM*050*20040331~DTM*232*20040227~DTM*233*20040227~CLP*121545C0303GT*2*82*9.55**15*04077230460~CAS*OA*23*42.61~CAS*OA*96*29.84~NM1*QC*1*SMITH*VIRGINIA*R***MI*V18726~NM1*IL*1*SMITH*VIRGINIA*R***HN*432644996A~DTM*050*20040331~DTM*232*20040213~DTM*233*20040213~CLP*166860C0303CZ*2*734*101.76**15*04077228960~CAS*OA*23*407.1~CAS*OA*96*225.14~NM1*QC*1*SNYDER*OTHA*M***MI*N86479~NM1*IL*1*SNYDER*OTHA*M***HN*430167136D~DTM*050*20040331~DTM*232*20040219~DTM*233*20040301~CLP*105568C0303G1*2*79*9.55**15*04077229240~CAS*OA*23*41.32~CAS*OA*96*28.13~NM1*QC*1*SOUTHERN*INEZ****MI*C07634~NM1*IL*1*SOUTHERN*INEZ****HN*430680985D~DTM*050*20040331~DTM*232*20040211~DTM*233*20040211~CLP*831487C0304DI*2*167*0*75*15*04077219640~CAS*PR*96*75~CAS*OA*23*26.47~CAS*OA*96*65.53~NM1*QC*1*STALLINGS*ROBERTA*H***MI*V01534~NM1*IL*1*STALLINGS*ROBERTA*H***HN*431445229A~DTM*050*20040331~DTM*232*20040309~DTM*233*20040309~CLP*831487C0304DJ*2*146*0.79*25*15*04077219650~CAS*PR*96*25~CAS*OA*23*24.7~CAS*OA*96*95.51~NM1*QC*1*STALLINGS*ROBERTA*H***MI*V01534~NM1*IL*1*STALLINGS*ROBERTA*H***HN*431445229A~DTM*050*20040331~DTM*232*20040309~DTM*233*20040309~CLP*89439C0302XQ*2*81*9.55**15*04077227120~CAS*OA*23*41.18~CAS*OA*96*30.27~NM1*QC*1*STATLER*JIMMY*C***MI*U87457~NM1*IL*1*STATLER*JIMMY*C***HN*431727972A~DTM*050*20040331~DTM*232*20040303~DTM*233*20040303~CLP*167954C03042H*2*73*11.69**15*04077214740~CAS*OA*23*46.78~CAS*OA*96*14.53~NM1*QC*1*STEWART*AGNES*S***MI*M08055~NM1*IL*1*STEWART*AGNES*S***HN*425074439D~DTM*050*20040331~DTM*232*20040216~DTM*233*20040216~CLP*160879C0304C0*2*73*11.69**15*04077214430~CAS*OA*23*46.78~CAS*OA*96*14.53~NM1*QC*1*STEWART*EMMA*L***MI*U74605~NM1*IL*1*STEWART*EMMA*L***HN*409363557D~DTM*050*20040331~DTM*232*20040304~DTM*233*20040304~CLP*165197C0303SJ*2*641*80.06**15*04077221170~CAS*OA*23*111.17~CAS*OA*96*449.77~NM1*QC*1*STOKES*ROSELLA*Y***MI*990169956~NM1*IL*1*STOKES*ROSELLA*Y***HN*431687461A~DTM*050*20040331~DTM*232*20040304~DTM*233*20040304~CLP*144907C0303V4*2*120*15**15*04077222630~CAS*OA*23*60~CAS*OA*96*45~NM1*QC*1*STRICKLAND*JIMMY*E***MI*C92507~NM1*IL*1*STRICKLAND*JIMMY*E***HN*432523025A~DTM*050*20040331~DTM*232*20040225~DTM*233*20040225~CLP*135802C03044J*4*196*43.88**15*04077219950~CAS*OA*23*30.42~CAS*OA*96*148.27~CAS*OA*96*-26.57~NM1*QC*1*SUMMERS*BETTY*J***MI*L12920~NM1*IL*1*SUMMERS*BETTY*J***HN*431546445A~DTM*050*20040331~DTM*232*20040303~DTM*233*20040305~CLP*159825C0303WB*2*64*9.55**15*04077216030~CAS*OA*23*38.18~CAS*OA*96*16.27~NM1*QC*1*TAYLOR*FAY*B***MI*K97026~NM1*IL*1*TAYLOR*FAY*B***HN*429524612A~DTM*050*20040331~DTM*232*20040304~DTM*233*20040304~CLP*159825C0303WC*2*1350.81*175.53**15*04077216040~CAS*OA*23*702.11~CAS*OA*96*473.17~NM1*QC*1*TAYLOR*FAY*B***MI*K97026~NM1*IL*1*TAYLOR*FAY*B***HN*429524612A~DTM*050*20040331~DTM*232*20040304~DTM*233*20040304~CLP*159825C0304F6*2*814.16*97.35**15*04077216050~CAS*OA*23*389.38~CAS*OA*96*327.43~NM1*QC*1*TAYLOR*FAY*B***MI*K97026~NM1*IL*1*TAYLOR*FAY*B***HN*429524612A~DTM*050*20040331~DTM*232*20040227~DTM*233*20040227~CLP*139762C0303NY*2*154*21.98**15*04077213390~CAS*OA*23*87.94~CAS*OA*96*44.08~NM1*QC*1*TERRY*JOHN*S***MI*990138630~NM1*IL*1*TERRY*JOHN*S***HN*329308052A~DTM*050*20040331~DTM*232*20040302~DTM*233*20040302~CLP*139762C03040X*2*64*9.55**15*04077213400~CAS*OA*23*38.18~CAS*OA*96*16.27~NM1*QC*1*TERRY*JOHN*S***MI*990138630~NM1*IL*1*TERRY*JOHN*S***HN*329308052A~DTM*050*20040331~DTM*232*20040308~DTM*233*20040308~CLP*842944C0206J8*4*240*0**15*04049305780~CAS*OA*27*240~NM1*QC*1*THETFORD*GLORENE****MI*N01510~NM1*IL*1*THETFORD*GLORENE****HN*429190610A~DTM*050*20040331~DTM*232*20040209~DTM*233*20040209~CLP*123749C0303PO*2*1066*74.07**15*04077215060~CAS*OA*23*296.3~CAS*OA*96*695.63~NM1*QC*1*THOMAS*ANNA*F***MI*990169032~NM1*IL*1*THOMAS*ANNA*F***HN*429126419D~DTM*050*20040331~DTM*232*20040209~DTM*233*20040209~CLP*123749C0304J6*2*95*6.83**15*04077215070~CAS*OA*23*50.26~CAS*OA*96*37.91~NM1*QC*1*THOMAS*ANNA*F***MI*990169032~NM1*IL*1*THOMAS*ANNA*F***HN*429126419D~DTM*050*20040331~DTM*232*20040302~DTM*233*20040302~CLP*164103C0303WT*2*1043.92*115.05**15*04077221300~CAS*OA*23*460.19~CAS*OA*96*468.68~NM1*QC*1*THOMPSON*BILL*L***MI*990082772~NM1*IL*1*THOMPSON*BILL*L***HN*431725860A~DTM*050*20040331~DTM*232*20040305~DTM*233*20040305~CLP*125913C0304KE*2*45*6.83**15*04077215300~CAS*OA*23*27.34~CAS*OA*96*10.83~NM1*QC*1*TINKER*REUKAUF****MI*Y00294~NM1*IL*1*TINKER*REUKAUF****HN*429288420A~DTM*050*20040331~DTM*232*20040301~DTM*233*20040301~CLP*129935C0304E9*2*64*9.55**15*04077219290~CAS*OA*23*38.18~CAS*OA*96*16.27~NM1*QC*1*TURNER*JESSIE****MI*V31117~NM1*IL*1*TURNER*JESSIE****HN*431425383A~DTM*050*20040331~DTM*232*20040301~DTM*233*20040301~CLP*129935C03031Q*2*4986.45*652.54**15*04077226810~CAS*OA*23*2610.14~CAS*OA*96*1723.77~NM1*QC*1*TURNER*JESSIE****MI*V31117~NM1*IL*1*TURNER*JESSIE****HN*431425383A~DTM*050*20040331~DTM*232*20040301~DTM*233*20040301~CLP*167748C03046C*2*368*38.91**15*04077218270~CAS*OA*23*155.66~CAS*OA*96*173.43~NM1*QC*1*UTLEY*LEWIS****MI*A67954~NM1*IL*1*UTLEY*LEWIS****HN*430567369A~DTM*050*20040331~DTM*232*20040301~DTM*233*20040301~CLP*169311C0304KN*2*110*12.98**15*04077223230~CAS*OA*23*51.95~CAS*OA*96*45.07~NM1*QC*1*VALENTINE*NELLIE*P***MI*A51434~NM1*IL*1*VALENTINE*NELLIE*P***HN*432907081A~DTM*050*20040331~DTM*232*20040308~DTM*233*20040308~CLP*169311C0303D5*2*146*9.55**15*04077230650~CAS*OA*23*56.15~CAS*OA*96*80.3~NM1*QC*1*VALENTINE*NELLIE*P***MI*A51434~NM1*IL*1*VALENTINE*NELLIE*P***HN*432907081A~DTM*050*20040331~DTM*232*20040303~DTM*233*20040303~CLP*137425C03031V*2*45*6.83**15*04077226510~CAS*OA*23*27.34~CAS*OA*96*10.83~NM1*QC*1*VAUGHN*ESTHER*R***MI*L94202~NM1*IL*1*VAUGHN*ESTHER*R***HN*430663371A~DTM*050*20040331~DTM*232*20040302~DTM*233*20040302~CLP*846906C0304H2*2*278*40.57**15*04077216150~CAS*OA*23*162.3~CAS*OA*96*75.13~NM1*QC*1*VAUGHN*MABLE****MI*L18833~NM1*IL*1*VAUGHN*MABLE****HN*429548525A~DTM*050*20040331~DTM*232*20040303~DTM*233*20040303~CLP*846906C0304H3*4*280*18.2**15*04077216160~CAS*OA*23*134.61~CAS*OA*96*188.98~CAS*OA*96*-61.79~NM1*QC*1*VAUGHN*MABLE****MI*L18833~NM1*IL*1*VAUGHN*MABLE****HN*429548525A~DTM*050*20040331~DTM*232*20040303~DTM*233*20040303~CLP*163395C0303OK*2*64*9.55**15*04077225150~CAS*OA*23*38.18~CAS*OA*96*16.27~NM1*QC*1*VINSON*CLEO****MI*N99242~NM1*IL*1*VINSON*CLEO****HN*722188843A~DTM*050*20040331~DTM*232*20040308~DTM*233*20040308~CLP*174179C0303TB*2*154*21.98**15*04077216060~CAS*OA*23*87.94~CAS*OA*96*44.08~NM1*QC*1*WAGNER*JEAN*H***MI*L72299~NM1*IL*1*WAGNER*JEAN*H***HN*429545400A~DTM*050*20040331~DTM*232*20040226~DTM*233*20040226~CLP*174275C0304H1*2*278*40.57**15*04077220470~CAS*OA*23*162.3~CAS*OA*96*75.13~NM1*QC*1*WALDEN*IRENE****MI*P19326~NM1*IL*1*WALDEN*IRENE****HN*431585490A~DTM*050*20040331~DTM*232*20040310~DTM*233*20040310~CLP*841998C03042V*2*205*51.31**15*04077215420~CAS*OA*23*94.96~CAS*OA*96*58.73~NM1*QC*1*WALKER*L*D***MI*675449~NM1*IL*1*WALKER*L*D***HN*429365532A~DTM*050*20040331~DTM*232*20040217~DTM*233*20040217~CLP*841998C0303DN*2*255*33.86**15*04077228340~CAS*OA*23*135.46~CAS*OA*96*85.68~NM1*QC*1*WALKER*L*D***MI*675449~NM1*IL*1*WALKER*L*D***HN*429365532A~DTM*050*20040331~DTM*232*20040218~DTM*233*20040220~CLP*156054C0303CC*2*73*11.69**15*04077228900~CAS*OA*23*46.78~CAS*OA*96*14.53~NM1*QC*1*WALL*MARTHA*L***MI*185738~NM1*IL*1*WALL*MARTHA*L***HN*430104174D~DTM*050*20040331~DTM*232*20040225~DTM*233*20040225~CLP*160747C03032F*2*571*32.66**15*04077227390~CAS*OA*23*199.61~CAS*OA*96*338.73~NM1*QC*1*WALLACE*ESKER*E***MI*V65174~NM1*IL*1*WALLACE*ESKER*E***HN*432707664A~DTM*050*20040331~DTM*232*20040308~DTM*233*20040308~CLP*160699C03032D*2*451*32.66**15*04077226970~CAS*OA*23*188.7~CAS*OA*96*229.64~NM1*QC*1*WALLACE*MARGIE****MI*Y24975~NM1*IL*1*WALLACE*MARGIE****HN*431584376A~DTM*050*20040331~DTM*232*20040308~DTM*233*20040308~CLP*123730C0303UD*2*814.16*97.35**15*04077223980~CAS*OA*23*389.38~CAS*OA*96*327.43~NM1*QC*1*WARD*DONALD*R***MI*T32436~NM1*IL*1*WARD*DONALD*R***HN*490820349A~DTM*050*20040331~DTM*232*20040305~DTM*233*20040305~CLP*93003C0304AQ*2*75*10.37**15*04077224240~CAS*OA*23*41.49~CAS*OA*96*23.14~NM1*QC*1*WARD*EPHRIAM*B***MI*C73619~NM1*IL*1*WARD*EPHRIAM*B***HN*495368966A~DTM*050*20040331~DTM*232*20040215~DTM*233*20040215~CLP*874920C030309*2*233.5*12.98**15*04077226220~CAS*OA*23*71.4~CAS*OA*96*149.12~NM1*QC*1*WARD*EULA*M***MI*828737~NM1*IL*1*WARD*EULA*M***HN*429689169D~DTM*050*20040331~DTM*232*20040301~DTM*233*20040301~CLP*108504C030408*2*392*30.71**15*04077217540~CAS*OA*23*122.84~CAS*OA*96*238.45~NM1*QC*1*WARDLOW*RAYMOND*O***MI*B74114~NM1*IL*1*WARDLOW*RAYMOND*O***HN*430220143A~DTM*050*20040331~DTM*232*20040308~DTM*233*20040308~CLP*109113C0303NG*2*955*132.97**15*04077215270~CAS*OA*23*531.9~CAS*OA*96*290.13~NM1*QC*1*WARNER*THOMAS*J***MI*W11272~NM1*IL*1*WARNER*THOMAS*J***HN*429267629A~DTM*050*20040331~DTM*232*20040215~DTM*233*20040228~CLP*109113C0303IE*2*75*10.37**15*04077228300~CAS*OA*23*41.49~CAS*OA*96*23.14~NM1*QC*1*WARNER*THOMAS*J***MI*W11272~NM1*IL*1*WARNER*THOMAS*J***HN*429267629A~DTM*050*20040331~DTM*232*20040220~DTM*233*20040220~CLP*142371C03044Q*2*747*111.02**15*04077216960~CAS*OA*23*235.02~CAS*OA*96*400.96~NM1*QC*1*WATKINS*JEWEL*P***MI*N96826~NM1*IL*1*WATKINS*JEWEL*P***HN*429763918A~DTM*050*20040331~DTM*232*20040302~DTM*233*20040302~CLP*844141C03033B*2*64*9.55**15*04077226280~CAS*OA*23*38.18~CAS*OA*96*16.27~NM1*QC*1*WATSON*BESSIE*L***MI*Y49217~NM1*IL*1*WATSON*BESSIE*L***HN*429863260A~DTM*050*20040331~DTM*232*20040309~DTM*233*20040309~CLP*844665C0303MY*2*205*29.25**15*04077216140~CAS*OA*23*117.02~CAS*OA*96*58.73~NM1*QC*1*WATSON*HAZEL*P***MI*K60175~NM1*IL*1*WATSON*HAZEL*P***HN*429548422A~DTM*050*20040331~DTM*232*20040216~DTM*233*20040216~CLP*844665C0302ZR*2*555*75.35**15*04077226140~CAS*OA*23*301.41~CAS*OA*96*178.24~NM1*QC*1*WATSON*HAZEL*P***MI*K60175~NM1*IL*1*WATSON*HAZEL*P***HN*429548422A~DTM*050*20040331~DTM*232*20040217~DTM*233*20040225~CLP*844665C0303DQ*2*150*20.74**15*04077228460~CAS*OA*23*82.98~CAS*OA*96*46.28~NM1*QC*1*WATSON*HAZEL*P***MI*K60175~NM1*IL*1*WATSON*HAZEL*P***HN*429548422A~DTM*050*20040331~DTM*232*20040221~DTM*233*20040222~CLP*105753C03031A*2*110*12.98**15*04077227020~CAS*OA*23*51.95~CAS*OA*96*45.07~NM1*QC*1*WATSON*NORMIA*Y***MI*990072945~NM1*IL*1*WATSON*NORMIA*Y***HN*431606162A~DTM*050*20040331~DTM*232*20040301~DTM*233*20040301~CLP*860095C03033P*2*238*23.07**15*04077226180~CAS*OA*23*92.26~CAS*OA*96*122.67~NM1*QC*1*WATSON*PATTY*S***MI*V55760~NM1*IL*1*WATSON*PATTY*S***HN*429620475A~DTM*050*20040331~DTM*232*20040305~DTM*233*20040305~CLP*129210C0303RO*2*817*53.72**15*04077214390~CAS*OA*23*214.89~CAS*OA*96*548.39~NM1*QC*1*WATTS*WAVIE****MI*V10314~NM1*IL*1*WATTS*WAVIE****HN*407388073D6~DTM*050*20040331~DTM*232*20040225~DTM*233*20040225~CLP*94053C0303TY*2*75*10.37**15*04077222310~CAS*OA*23*41.49~CAS*OA*96*23.14~NM1*QC*1*WEATHERSBY*FLORA*M***MI*F28493~NM1*IL*1*WEATHERSBY*FLORA*M***HN*432404757A~DTM*050*20040331~DTM*232*20040302~DTM*233*20040302~CLP*166845C0303CX*2*73*11.69**15*04077231110~CAS*OA*23*46.78~CAS*OA*96*14.53~NM1*QC*1*WEAVER*RAY****MI*P85034~NM1*IL*1*WEAVER*RAY****HN*706099062A~DTM*050*20040331~DTM*232*20040304~DTM*233*20040304~CLP*161374C0303WM*2*96*15**15*04077217930~CAS*OA*23*60~CAS*OA*96*21~NM1*QC*1*WELLS*ELZENO*S***MI*U46148~NM1*IL*1*WELLS*ELZENO*S***HN*430466721B~DTM*050*20040331~DTM*232*20040226~DTM*233*20040226~CLP*120271C0303LB*2*174*9.55**15*04077229500~CAS*OA*23*69.36~CAS*OA*96*95.09~NM1*QC*1*WEST*VIRGINIA****MI*Y70536~NM1*IL*1*WEST*VIRGINIA****HN*431423017B~DTM*050*20040331~DTM*232*20040305~DTM*233*20040305~CLP*120271C0303LC*2*413*54.81**15*04077229510~CAS*OA*23*219.27~CAS*OA*96*138.92~NM1*QC*1*WEST*VIRGINIA****MI*Y70536~NM1*IL*1*WEST*VIRGINIA****HN*431423017B~DTM*050*20040331~DTM*232*20040228~DTM*233*20040302~CLP*160874C0303CO*2*73*3.39*41.53*15*04077230280~CAS*PR*96*41.53~CAS*OA*23*13.55~CAS*OA*96*14.53~NM1*QC*1*WESTBROOK*JOHNNYE*L***MI*C56559~NM1*IL*1*WESTBROOK*JOHNNYE*L***HN*432304815B~DTM*050*20040331~DTM*232*20040303~DTM*233*20040303~CLP*89806C0303QY*2*499*25.08**15*04077222320~CAS*OA*23*100.32~CAS*OA*96*373.6~NM1*QC*1*WHITAKER*WILLODEAN****MI*H45142~NM1*IL*1*WHITAKER*WILLODEAN****HN*432404816D~DTM*050*20040331~DTM*232*20040219~DTM*233*20040219~CLP*89806C0302XS*2*75*6.83**15*04077227290~CAS*OA*23*36.96~CAS*OA*96*31.21~NM1*QC*1*WHITAKER*WILLODEAN****MI*H45142~NM1*IL*1*WHITAKER*WILLODEAN****HN*432404816D~DTM*050*20040331~DTM*232*20040303~DTM*233*20040303~CLP*845106C030433*2*73*29.23**15*04077224480~CAS*OA*23*29.23~CAS*OA*96*14.54~NM1*QC*1*WHITE*NINA****MI*G19943~NM1*IL*1*WHITE*NINA****HN*499248084A~DTM*050*20040331~DTM*232*20040216~DTM*233*20040216~CLP*100466C0303R8*2*641*38.25**15*04077219860~CAS*OA*23*152.98~CAS*OA*96*449.77~NM1*QC*1*WHITNEY*CHARLES*E***MI*C43715~NM1*IL*1*WHITNEY*CHARLES*E***HN*431506327A~DTM*050*20040331~DTM*232*20040302~DTM*233*20040302~CLP*100466C0303FI*2*64*9.55**15*04077229620~CAS*OA*23*38.18~CAS*OA*96*16.27~NM1*QC*1*WHITNEY*CHARLES*E***MI*C43715~NM1*IL*1*WHITNEY*CHARLES*E***HN*431506327A~DTM*050*20040331~DTM*232*20040209~DTM*233*20040209~CLP*87823C0303JS*2*393*56.82**15*04077231220~CAS*OA*23*84.86~CAS*OA*96*251.32~NM1*QC*1*WILLEY*DOROTHY*M***MI*F19257~NM1*IL*1*WILLEY*DOROTHY*M***HN*431162921D6~DTM*050*20040331~DTM*232*20040308~DTM*233*20040308~CLP*171401C0204NV*2*118*87.22**15*04042295360~CAS*OA*96*30.78~NM1*QC*1*WILLHITE*MARILYN****MI*990145847~NM1*IL*1*WILLHITE*MARILYN****HN*429707489A~DTM*050*20040329~DTM*232*20040129~DTM*233*20040129~CLP*844550C03033C*2*144*15.05**15*04077226340~CAS*OA*23*60.2~CAS*OA*96*68.75~NM1*QC*1*WILLIAMS*MILDRED*B***MI*A58438~NM1*IL*1*WILLIAMS*MILDRED*B***HN*430366790D~DTM*050*20040331~DTM*232*20040227~DTM*233*20040227~CLP*88896C0303PG*2*499*25.08**15*04077216430~CAS*OA*23*100.32~CAS*OA*96*373.6~NM1*QC*1*WILLIAMS*MARY*E***MI*U16785~NM1*IL*1*WILLIAMS*MARY*E***HN*429609420A~DTM*050*20040331~DTM*232*20040223~DTM*233*20040223~CLP*875553C0303EV*2*64*9.55**15*04077229670~CAS*OA*23*38.18~CAS*OA*96*16.27~NM1*QC*1*WILLIAMS*MINNIE*L***MI*N97870~NM1*IL*1*WILLIAMS*MINNIE*L***HN*431563886A~DTM*050*20040331~DTM*232*20040302~DTM*233*20040302~CLP*88062C03030H*2*133*16.38**15*04077226940~CAS*OA*23*74.01~CAS*OA*96*42.61~NM1*QC*1*WILLIAMS*OCENA****MI*Y01036~NM1*IL*1*WILLIAMS*OCENA****HN*431565911A~DTM*050*20040331~DTM*232*20040302~DTM*233*20040308~CLP*130151C0303IN*2*64*9.55**15*04077229480~CAS*OA*23*38.18~CAS*OA*96*16.27~NM1*QC*1*WILLIAMS*ROBERT****MI*B38703~NM1*IL*1*WILLIAMS*ROBERT****HN*431285777A~DTM*050*20040331~DTM*232*20040301~DTM*233*20040301~CLP*87859C0302XM*2*58*0*34.17*15*04077225820~CAS*PR*96*34.17~CAS*OA*23*3.27~CAS*OA*96*20.56~NM1*QC*1*WILLIS*MARTHA****MI*L22005~NM1*IL*1*WILLIS*MARTHA****HN*384305089B~DTM*050*20040331~DTM*232*20040309~DTM*233*20040309~CLP*170819C0304G5*2*64*9.55**15*04077225440~CAS*OA*23*38.18~CAS*OA*96*16.27~NM1*QC*1*WILSON*JANE*T***MI*H23213~NM1*IL*1*WILSON*JANE*T***HN*431280622B6~DTM*050*20040331~DTM*232*20040303~DTM*233*20040303~CLP*168137C0303X9*2*97*12.58**15*04077220380~CAS*OA*23*50.31~CAS*OA*96*34.11~NM1*QC*1*WILSON*LADESTA****MI*V71376~NM1*IL*1*WILSON*LADESTA****HN*431583306A~DTM*050*20040331~DTM*232*20040301~DTM*233*20040301~CLP*168137C0303XA*2*104*14.74**15*04077220390~CAS*OA*23*58.96~CAS*OA*96*30.3~NM1*QC*1*WILSON*LADESTA****MI*V71376~NM1*IL*1*WILSON*LADESTA****HN*431583306A~DTM*050*20040331~DTM*232*20040302~DTM*233*20040302~CLP*168137C0304FL*2*75*10.37**15*04077220400~CAS*OA*23*41.49~CAS*OA*96*23.14~NM1*QC*1*WILSON*LADESTA****MI*V71376~NM1*IL*1*WILSON*LADESTA****HN*431583306A~DTM*050*20040331~DTM*232*20040227~DTM*233*20040227~CLP*168137C0304FM*2*75*10.37**15*04077220410~CAS*OA*23*41.49~CAS*OA*96*23.14~NM1*QC*1*WILSON*LADESTA****MI*V71376~NM1*IL*1*WILSON*LADESTA****HN*431583306A~DTM*050*20040331~DTM*232*20040228~DTM*233*20040228~CLP*168137C0304FN*2*75*10.37**15*04077220420~CAS*OA*23*41.49~CAS*OA*96*23.14~NM1*QC*1*WILSON*LADESTA****MI*V71376~NM1*IL*1*WILSON*LADESTA****HN*431583306A~DTM*050*20040331~DTM*232*20040229~DTM*233*20040229~CLP*831285C0302Z2*2*358*20.28**15*04077226040~CAS*OA*23*139.18~CAS*OA*96*198.54~NM1*QC*1*WINTERS*SENA*R***MI*C93902~NM1*IL*1*WINTERS*SENA*R***HN*429446423A~DTM*050*20040331~DTM*232*20040304~DTM*233*20040305~CLP*150142C0304L1*2*50*7.51**15*04077212940~CAS*OA*23*30.05~CAS*OA*96*12.44~NM1*QC*1*WISEMAN*EDITH*P***MI*N99859~NM1*IL*1*WISEMAN*EDITH*P***HN*229147879A~DTM*050*20040331~DTM*232*20040227~DTM*233*20040227~CLP*174265C0304H0*2*55*6.29**15*04077223060~CAS*OA*23*25.17~CAS*OA*96*23.54~NM1*QC*1*WOMBLE*THOMAS*W***MI*C07983~NM1*IL*1*WOMBLE*THOMAS*W***HN*432786935A~DTM*050*20040331~DTM*232*20040225~DTM*233*20040225~CLP*174265C0303JK*2*451*59.67**15*04077230550~CAS*OA*23*238.74~CAS*OA*96*152.59~NM1*QC*1*WOMBLE*THOMAS*W***MI*C07983~NM1*IL*1*WOMBLE*THOMAS*W***HN*432786935A~DTM*050*20040331~DTM*232*20040218~DTM*233*20040226~CLP*174265C0303JL*2*150*20.74**15*04077230560~CAS*OA*23*82.98~CAS*OA*96*46.28~NM1*QC*1*WOMBLE*THOMAS*W***MI*C07983~NM1*IL*1*WOMBLE*THOMAS*W***HN*432786935A~DTM*050*20040331~DTM*232*20040302~DTM*233*20040303~CLP*114779C0303IH*2*365*45.24**15*04077230010~CAS*OA*23*181~CAS*OA*96*138.76~NM1*QC*1*WOODHAM*JOSEPHINE****MI*N97065~NM1*IL*1*WOODHAM*JOSEPHINE****HN*431709483D~DTM*050*20040331~DTM*232*20040217~DTM*233*20040220~CLP*114779C0303L5*2*383*52.07**15*04077230020~CAS*OA*23*208.27~CAS*OA*96*122.66~NM1*QC*1*WOODHAM*JOSEPHINE****MI*N97065~NM1*IL*1*WOODHAM*JOSEPHINE****HN*431709483D~DTM*050*20040331~DTM*232*20040216~DTM*233*20040219~SE*3299*2XJAZXS3K~GE*1*1~IEA*1*622480148~                                                                                                                            
